2370 4072
161 257 180 319 8
570 255 676 304 cutax

95 455 136 502 222
161 438 259 514 ‘Quis'
280 438 383 519 inquit
403 438 531 499 ‘meritis
551 439 592 499 ad
613 459 693 520 quae
714 439 836 500 delatus
855 441 986 501 acerbas

161 553 259 614 cogor
279 533 364 594 adire
385 532 482 593 vicesl
512 548 566 594 tua
586 534 665 594 dum
685 532 765 594 mihi
785 533 888 595 carior
906 534 976 615 ipsa

160 627 223 689 vita
243 627 301 689 fuit
321 627 393 701 vita,
414 626 518 706 rapior
539 646 594 707 per
614 627 719 690 inania
737 628 847 690 ventis.

160 739 194 784 tu
215 724 318 785 lentus
339 721 460 783 refoves
480 721 619 784 iucunda
639 724 783 785 membra
803 722 910 804 quiete

161 833 286 897 ereptus
306 816 410 879 taetris
431 836 448 877 e
469 816 624 892 cladibus3
644 832 676 879 at
695 835 766 878 mea
786 837 896 879 manes

95 929 135 975 222
160 911 278 973 viscera
298 911 450 973 Lethaeas
471 926 590 990 cogunt
609 925 770 972 transnare
790 931 847 993 per
866 912 982 989 undas;

160 1008 275 1087 praeda
296 1006 452 1069 Charonis
472 1024 557 1085 agor.
596 1006 692 1067 viden
712 1020 748 1067 ut
767 1006 932 1086 flagrantia
950 1006 1047 1069 taedis

159 1102 269 1163 limina
289 1103 463 1163 collucent?
497 1101 617 1162 infestis
637 1101 730 1163 obvia
750 1101 885 1182 templis,

160 1198 253 1258 obvia
272 1197 459 1278 Tisiphone,
477 1197 675 1277 serpentibus
695 1195 838 1278 undique
859 1212 995 1278 compta,

160 1307 189 1352 et
209 1291 352 1353 flammas
373 1307 404 1353 et
423 1311 515 1353 saeva
535 1291 635 1372 quatit
654 1291 734 1352 mihi
753 1293 884 1353 verbera
904 1306 1046 1373 poenae'r

95 1401 135 1446 222
159 1385 325 1464 Cerberus,
351 1401 381 1447 et
402 1386 476 1447 diris
496 1387 629 1467 flagrant
649 1387 810 1448 latratibus
831 1408 896 1466 ora,

158 1481 315 1562 anguibus
336 1481 411 1543 hinc
431 1497 525 1562 atque
545 1481 620 1543 hinc
640 1482 770 1545 horrent
789 1482 841 1544 cui
862 1484 943 1545 colla
963 1483 1077 1545 reflexis

159 1576 387 1657 sanguineique
408 1576 525 1638 micant
545 1577 691 1638 ardorem
711 1577 840 1638 luminis
860 1581 962 1641 orbes.

105 1662 109 1672 ’
159 1672 221 1732 heu
244 1671 320 1752 quid
341 1673 380 1732 ab
402 1671 509 1732 officio
531 1670 668 1751 digressa
689 1687 735 1732 est
754 1671 862 1751 gratia,
882 1693 957 1735 cum
977 1689 1006 1735 te

159 1766 278 1828 restitui
297 1766 418 1846 superis
438 1766 491 1828 leti
512 1766 574 1827 iam
595 1765 705 1827 limine
725 1768 765 1827 ab
786 1767 873 1847 ipso?

94 1872 134 1917 225
159 1861 297 1941 praemia
316 1877 390 1922 sunt
410 1861 532 1940 pietatis
554 1860 618 1935 ubi,
640 1861 761 1940 pietatis
782 1862 939 1924 honores?

160 1957 192 2017 in
213 1977 308 2017 vanas
328 1957 432 2017 abiere
452 1956 544 2017 vices.
585 1972 616 2018 et
639 1975 712 2017 rure
732 1957 859 2018 recessit

160 2051 275 2113 iustitia
296 2066 326 2112 et
346 2051 433 2130 prior
453 2050 506 2111 illa
527 2050 621 2112 fides?
652 2050 797 2112 instantia
817 2051 883 2113 vidi

161 2145 300 2207 alterius:
320 2144 388 2206 sine
409 2161 551 2224 respectu
573 2165 643 2207 mea
664 2146 726 2208 fata
745 2145 928 2227 relinquens

161 2239 201 2300 ad
221 2238 333 2318 pariles
354 2259 432 2319 agor
453 2256 583 2302 eventus
603 2276 640 2286 —
662 2241 696 2303 fit
716 2262 818 2321 poena
838 2243 981 2304 merenti.

97 2356 137 2400 220
162 2352 266 2414 poena
285 2334 325 2395 sit
345 2334 484 2414 exitium,
505 2335 604 2397 modo
625 2336 664 2398 sit
684 2337 762 2398 dum
782 2353 869 2418 grata
888 2338 1044 2415 voluntas,

162 2428 270 2490 existat
290 2448 346 2509 par
366 2429 517 2493 officium.
559 2431 642 2493 feror
662 2431 730 2492 avia
750 2452 891 2512 carpens,

162 2524 230 2585 avia
250 2524 440 2586 Cimmerios
460 2526 542 2588 inter
563 2527 707 2588 distantia
727 2528 824 2604 lucos,

162 2637 257 2698 quem
280 2618 360 2680 circa
379 2620 480 2682 tristes
502 2622 672 2683 densentur
692 2622 725 2682 in
746 2621 853 2683 omnia
873 2642 1005 2701 poenae.

162 2733 236 2774 nam
256 2714 379 2775 vinctus
399 2716 487 2776 sedet
506 2716 652 2777 immanis
673 2716 869 2797 serpentibus
889 2715 979 2790 Otos,

96 2827 136 2871 225
163 2806 344 2868 devinctum
363 2823 500 2870 maestus
521 2812 633 2889 procul
653 2811 807 2891 aspiciens
827 2810 1005 2891 Ephialten,

163 2901 268 2963 conati
288 2903 451 2982 quondam
472 2923 546 2965 cum
566 2905 627 2967 sint
651 2905 833 2968 inscendere
853 2906 1027 2982 mundum;

163 3013 193 3059 et
212 2996 335 3078 Tityos,
356 2996 486 3076 Latona,
507 3014 579 3061 tuae
600 3020 723 3062 memor
743 3000 853 3062 anxius
873 2999 937 3061 irae

163 3091 380 3172 (implacabilis
400 3091 446 3154 ira
466 3093 571 3171 nimis)
591 3095 671 3156 iacet
691 3095 770 3157 alitis
790 3114 859 3156 esca
880 3129 916 3139 -

162 3202 291 3264 terreor,
312 3207 339 3266 a,
360 3188 453 3249 tantis
473 3188 613 3251 insistere
633 3205 752 3250 terreor
773 3188 901 3250 umbris.

213 3395 253 3428 aro
265 3383 341 3441 inquit
351 3385 407 3442 quid
417 3384 505 3431 meritis
515 3393 583 3443 atque
593 3387 678 3432 dilatus
718 3398 753 3431 211
771 3398 808 3430 me
844 3383 939 3429 216vidi
976 3396 1014 3434 217
1028 3385 1086 3430 lumi

162 3463 217 3496 eum
226 3453 305 3498 lucent
346 3453 425 3498 omnia
465 3466 500 3499 221
516 3462 582 3500 arent
617 3466 655 3500 222
668 3455 840 3512 sanguineaque
880 3453 974 3497 arbosB
1012 3454 1086 3499 22622

162 3530 201 3572 227
218 3519 319 3565 iustitiae
333 3521 398 3578 prior
454 3535 494 3580 230
512 3536 589 3580 poena
601 3523 627 3567 fit
681 3536 718 3580 232
738 3537 793 3569 eum
807 3522 894 3568 merios
950 3533 988 3579 233
1007 3535 1084 3580 ponae

162 3590 201 3643 235
215 3589 337 3634 devinctus
376 3600 415 3647 237
427 3589 495 3646 tityas
534 3598 586 3634 tuas
625 3591 671 3636 iras
