2528 4202
435 322 481 368 AD
497 321 523 368 V.
536 333 640 380 aro-232
659 335 661 346 ⁴
990 323 1027 401 75

9 513 10 518 ’
46 506 130 582 (Hes.
156 523 208 585 op.
228 525 282 584 ¹90
296 523 341 585 sq.
363 504 508 583 Theogn.
534 505 607 569 1137
621 503 677 583 sq.)
698 515 729 563 et
747 505 862 562 Aratus
881 501 915 562 in
934 520 1028 563 mon-

9 589 10 592 *
45 601 128 662 ribus
149 615 329 662 morantem
340 598 497 680 virginem
512 595 642 675 fecisset,
662 611 832 676 antequam
851 595 885 657 in
904 597 1028 658 caelum

45 696 219 772 recederet,
250 691 407 773 Vergilius
436 690 469 753 in
497 691 707 772 agricolarum
736 690 917 754 laudatione
947 689 1026 752 illud

9 839 12 854 ,
44 789 164 868 posuit:
178 797 323 850 extrema
328 795 392 868 per
404 785 474 848 illos
486 785 609 849 Iustitia
624 786 775 850 excedens
787 785 883 849 mis
894 783 1028 865 vestt'gt'a

37 885 122 962 fecit.
171 882 292 945 accedit
315 881 407 944 solita
430 879 512 942 vitae
538 881 670 944 rusticae
702 901 776 944 cum
806 899 901 942 aurea
928 893 1026 941 aetate

9 987 10 992 ’
45 977 251 1060 comparatio.
283 996 359 1057 ergo
373 975 495 1057 poetice
509 975 641 1036 miratur
654 976 754 1054 culex,
778 995 845 1037 non
858 973 1027 1036 extinctam

45 1093 107 1135 esse
136 1071 235 1134 fidem
259 1087 398 1133 veterem
423 1068 622 1146 rusticanam,
651 1070 706 1132 sed
734 1069 827 1132 etiam
853 1088 926 1131 rure
952 1069 1026 1131 deas

9 1173 10 1226 l
44 1167 216 1229 recessisse.
245 1165 369 1228 Iustam
381 1173 413 1227 et
425 1165 617 1227 Schraderus
631 1163 818 1227 emendavit.
849 1164 905 1225 sed
919 1164 1027 1226 omnia

45 1275 227 1340 pervertunt
247 1260 303 1340 qui
322 1279 381 1341 pro
400 1257 469 1322 vadi
486 1274 541 1321 aut
559 1259 624 1322 vt'ci
641 1276 694 1321 aut
714 1259 820 1323 nescio
842 1257 920 1339 quid
939 1258 1025 1328 aliud
1038 1269 1078 1316 222

45 1371 227 1434 posuerunt.
268 1354 390 1416 foniter
414 1372 593 1434 compressa
613 1355 714 1417 oratio
732 1355 862 1417 nomine
877 1354 965 1436 quod
980 1368 1026 1416 est

38 1452 111 1527 sata
143 1450 177 1510 in
207 1448 341 1511 alterum
371 1449 523 1513 enuntiati
552 1454 733 1512 membrum
763 1464 897 1512 retracto
924 1448 1026 1511 mani·

45 1545 154 1608 festam
176 1545 271 1606 habet
290 1544 477 1608 sententiam
497 1548 537 1607 ab
551 1545 680 1626 Heynio
700 1546 800 1626 probe
813 1559 1024 1625 perspectam:

44 1641 169 1703 alterius
204 1638 268 1701 fata
300 1638 446 1701 instantia
475 1640 554 1719 vidi,
590 1661 656 1702 non
692 1639 827 1721 respexi,
861 1657 932 1700 mea
963 1638 1038 1699 fata'

44 1732 176 1814 neglexi,
203 1732 305 1812 patior
330 1734 418 1812 quod
443 1736 531 1798 alteri
559 1735 743 1817 patiendum
764 1734 831 1796 suit.
863 1732 910 1814 fit
919 1743 1076 1813 poenaaas

45 1827 176 1891 merenti
202 1826 222 1888 i.
244 1848 269 1889 e.
302 1830 382 1892 bene
409 1831 551 1905 merenti,
581 1828 775 1910 promerenti
804 1847 870 1889 non
900 1843 1023 1889 tantum

8 1957 9 1996 p
45 1923 139 2003 gratia
170 1942 237 1984 non
267 1924 421 2002 redditur,
456 1924 512 1986 sed
548 1922 690 1985 interitus
720 1937 854 2004 paratur.
909 1920 1023 1983 deinde

41 2029 138 2097 poena
157 2016 201 2080 sit
219 2016 287 2078 Itali
307 2019 569 2096 emendaverunt;
594 2017 686 2081 modo
700 2016 826 2079 -dum
846 2017 937 2078 multi
958 2034 1024 2077 non
1037 2031 1078 2076 tao

46 2113 220 2174 tolerabant
244 2110 328 2190 (dum
347 2134 375 2175 v.
391 2113 453 2193 83);
483 2133 586 2194 neq-ue
612 2133 698 2190 vero,
725 2112 781 2174 etsi
805 2111 862 2174 ista
886 2112 1025 2173 vocabu-

47 2206 149 2267 lorum
180 2205 317 2269 inversio
346 2207 411 2269 vim
442 2223 472 2270 et
502 2222 646 2270 naturam
674 2226 785 2269 eorum
810 2206 928 2268 violare
958 2224 1025 2267 non

47 2299 199 2378 videatur,
229 2300 323 2363 video
354 2322 410 2363 cur-
439 2322 506 2365 non
537 2302 683 2364 maluerit
710 2321 830 2383 ponere
852 2309 956 2382 poem
984 2299 1027 2362 sit

48 2394 183 2469 exitium,
208 2394 284 2459 dum
308 2395 351 2458 sit
373 2396 465 2459 modo
484 2407 587 2478 grata
610 2397 760 2460 voluntas.
812 2416 886 2458 nam
916 2409 1024 2476 poetas

48 2491 236 2569 syllabarum
260 2489 362 2550 simile
388 2490 570 2553 sonantium
588 2511 782 2555 concursum
801 2491 913 2552 vitasse
934 2487 1024 2552 novi·

8 2579 9 2628 ἶ
48 2585 167 2647 ciorum
188 2584 357 2647 hominum
377 2584 541 2647 inventum
562 2601 615 2648 est.

122 2680 219 2742 Redit
243 2679 318 2741 illuc
337 2700 365 2740 v.
381 2681 447 2757 231,
474 2695 568 2761 atque
592 2681 625 2742 in
651 2681 873 2742 damnatorum
894 2677 1023 2758 quidem

49 2775 151 2836 locum
166 2774 341 2836 devehitur.
381 2775 456 2835 avz'cz
475 2775 624 2838 destantia
645 2775 722 2856 quid
736 2773 795 2835 sibi
808 2772 904 2834 velint
919 2787 1023 2833 osten·
1036 2790 1076 2836 222

50 2868 92 2929 dit
109 2891 135 2930 v.
151 2873 210 2949 259
230 2868 377 2931 destantt'a
397 2868 527 2930 numina
540 2888 641 2948 cerno,
661 2870 680 2930 i.
695 2889 721 2930 e.
736 2881 867 2944 remota,
887 2866 1022 2945 diversa3

49 2963 101 3023 sed
129 2963 207 3044 quid
238 2982 311 3026 cum
346 2983 385 3025 eo
412 2963 580 3044 'participio
612 2962 818 3025 coniunctum
847 2961 1023 3041 significare

49 3058 142 3135 possit
158 3056 347 3121 Cimmerzbs
366 3057 448 3120 mter
468 3057 551 3119 lucos
570 3077 635 3118 non
656 3071 792 3136 apparet
833 3055 1024 3117 Cimmerios

50 3150 133 3213 lucos
157 3173 223 3215 non
247 3153 350 3232 potuit
367 3152 545 3215 'collocatos
575 3150 717 3213 arbitrari
747 3149 807 3210 nisi
835 3149 869 3210 in
892 3143 1022 3211 introitu

49 3244 228 3326 inferorum,
253 3247 334 3309 inter
360 3266 396 3308 ea
419 3246 534 3311 distare
561 3246 658 3326 spatia
679 3244 803 3305 Tartari
828 3263 894 3305 non
920 3244 1024 3324 potuit

51 3338 160 3420 dicere3
196 3341 303 3405 nescio
336 3363 376 3403 an
410 3340 520 3402 dixerit
551 3342 681 3402 Tartara
714 3338 803 3418 infra
833 3339 1023 3401 Cimmerios

51 3432 133 3496 lucos
157 3451 287 3513 remota,
318 3453 354 3498 ut
377 3437 534 3516 ingressus
559 3435 676 3496 inferos
696 3434 786 3495 culex
807 3433 957 3494 deorsum
977 3433 1023 3496 fe·

52 3541 137 3590 ratur.
177 3550 195 3591 a
216 3531 336 3612 Vergili
356 3531 566 3612 descriptione
587 3546 780 3611 quantopere
802 3528 922 3590 differat
942 3527 1023 3591 infra

53 3620 193 3704 dicemus,
218 3626 273 3688 sed
295 3625 372 3707 quin
393 3644 470 3692 eam¹
483 3627 606 3688 noverit
627 3645 692 3687 non
713 3625 771 3687 erit
791 3625 939 3702 dubium;
969 3623 1022 3686 ille
