2370 4072
70 290 110 352 9⁰
424 267 692 318 COMMENTARIVS

71 450 185 533 pergit:
214 468 269 512 vos
296 446 368 510 sede
393 446 535 528 prmum,
564 468 623 512 vos
651 464 766 516 manet
792 456 934 524 heroum
964 473 1060 526 contra

71 565 193 617 minas,
214 557 461 606 consentaneum
480 557 527 603 est
539 543 645 604 verbis
660 564 745 625 quae
759 565 837 614 sunt
849 553 928 617 sede
939 556 1060 636 prbrum

74 660 139 704 non
169 635 329 701 introitum
360 636 464 716 ipsum
495 636 528 697 in
557 636 706 718 Elysium
738 641 892 726 indicari,
928 651 985 712 sed
1015 666 1058 714 aut

75 736 201 819 piorum
221 729 382 811 apiarum
406 729 481 791 sede
507 730 653 809 discerni,
679 753 757 798 nam
784 738 905 804 heroas
929 748 1056 808 saneah

75 826 257 894 heroidibus
277 838 429 904 segregat,
454 824 515 886 nisi
535 825 625 905 quod
648 829 682 890 in
703 833 863 898 comitatu
887 839 1055 922 Penelopae

75 941 188 1009 procos
201 933 341 983 recenset
355 934 473 981 etcum
486 939 587 983 uxore
601 921 748 1005 Orphea;
772 945 831 993 aut
849 934 927 996 sede
939 937 1055 1017 prbrum

75 1019 148 1083 addi
168 1014 256 1099 quod
276 1014 375 1076 modo
394 1013 535 1092 Tartara,
556 1034 597 1077 ne
617 1016 757 1098 liguram
776 1026 941 1108 perderet,
965 1030 1054 1093 nomi·

76 1114 168 1181 navit.
199 1127 292 1193 atque
306 1109 368 1171 hoc
382 1108 513 1189 quidem
526 1108 553 1169 si
569 1126 683 1189 poetae
696 1117 872 1183 consilium
888 1141 965 1204 erat,
980 1123 1054 1207 quod

77 1208 239 1294 probabile
264 1203 343 1266 mihi
365 1203 499 1277 videtur,
529 1204 673 1285 sequitur
697 1209 820 1291 duplex
845 1235 905 1279 vos
930 1239 1002 1282 cum
1025 1220 1053 1281 li-

77 1308 208 1369 brorum
237 1296 391 1362 memoria
419 1299 611 1362 servandum
640 1319 708 1364 esse
738 1305 789 1381 (cf.
818 1308 941 1375 Catull.
962 1315 1054 1392 64,a4

76 1418 132 1465 vos
149 1414 207 1480 ego
224 1404 316 1476 saepe
338 1413 407 1457 mco
430 1415 486 1458 vos
505 1395 646 1458 carmine
668 1399 889 1483 cmpellab0);
921 1407 1053 1471 heroides

78 1498 110 1559 in
131 1492 281 1557 comitatu
295 1489 517 1571 Persephonae
538 1505 642 1552 errant
661 1510 719 1572 per
734 1493 885 1576 Elysium
907 1520 1053 1582 campum

79 1611 130 1654 eas
144 1598 252 1654 contra
265 1595 377 1659 maeret,
399 1599 432 1649 ut
447 1605 464 1647 e
477 1584 607 1666 regione
622 1586 769 1663 assident,
788 1588 927 1657 Meum
940 1615 1054 1670 azontu,-

80 1684 261 1769 adloquitur
285 1701 350 1762 eas,
380 1695 415 1742 ut
440 1680 569 1761 Orphea
595 1684 662 1761 269.
683 1700 751 1763 292,
782 1684 971 1769 Eurydicen
998 1691 1054 1770 293,

82 1781 239 1848 Danaides
259 1780 325 1858 245.
364 1795 431 1839 non
451 1794 535 1857 nego
555 1775 678 1839 facilius
697 1777 777 1841 haec
792 1779 939 1864 intellegi
953 1785 1054 1847 sicum

82 1877 203 1959 Silligio
227 1893 283 1938 nos
307 1870 488 1934 substituas:
518 1890 575 1934 nos
601 1870 674 1934 sede
696 1873 844 1953 mum,
874 1899 935 1943 nos
964 1883 1058 1942 nannet

81 1975 211 2040 laeroum
226 1976 335 2033 contra
346 1983 468 2036 manus,
488 1965 606 2028 scilicet
619 1983 670 2027 me
684 1984 782 2046 porro
796 1970 1055 2051 proficiscentem

82 2069 137 2133 sed
158 2063 329 2128 faciliorem
349 2058 543 2122 intellectum
568 2062 654 2124 hunc
679 2077 811 2142 poetam
831 2085 900 2129 non
921 2068 1055 2131 affectare

82 2161 206 2228 abunde
230 2153 450 2236 comperimus.

3 2278 82 2327 mn.
159 2255 245 2335 Ergo
269 2250 308 2311 de
333 2245 483 2308 heroibus
507 2249 651 2328 sequitur
673 2249 777 2328 locus,
807 2254 989 2320 admodum
1011 2258 1055 2320 ille

83 2350 211 2436 quidem
231 2341 408 2425 impeditus.
448 2342 552 2403 statim
574 2365 656 2425 quae
676 2345 710 2408 in
729 2346 821 2410 initio
842 2349 995 2431 leguntur
1012 2352 1056 2415 lic

82 2457 113 2513 rt
135 2454 262 2524 utarqtae
280 2434 440 2509 Aeact'des,
466 2455 546 2516 quae
571 2443 668 2503 verba
693 2440 808 2523 excipit
835 2444 876 2506 de
901 2447 1056 2509 amoribus

84 2541 245 2620 utriusque
271 2530 431 2615 digressio,
462 2535 628 2613 quomodo
653 2536 793 2619 intellegi
817 2540 941 2619 possint
965 2543 999 2621 si,
1026 2558 1056 2601 ut

84 2640 224 2705 fecerunt
237 2645 358 2703 omncs,
378 2641 449 2706 post
462 2644 490 2686 v.
507 2628 564 2690 300
578 2629 712 2693 finaliter
724 2630 978 2716 interpungatur,
998 2656 1055 2699 non

83 2735 189 2807 videm
214 2743 286 2791 nam
309 2730 342 2786 et
363 2739 521 2802 nusquam
545 2725 724 2804 pertinebit.
766 2728 824 2789 sed
847 2728 881 2791 id
907 2731 1056 2813 expedivit

83 2827 222 2912 Silligius
242 2820 332 2886 cuius
351 2818 428 2879 haec
449 2833 495 2880 est
518 2818 694 2883 adnotatio:
720 2823 865 2903 ‘pertinet
886 2826 927 2887 ad
947 2848 976 2890 v.
998 2829 1055 2902 301,

84 2926 137 2997 ubi
164 2940 237 2988 cum
264 2931 357 3001 poeta
379 2923 411 2977 et
431 2929 571 2995 repetere
598 2915 735 2994 deberet,
765 2936 823 2999 per
848 2924 1055 2985 anacoluthon

84 3019 206 3095 omisit*
247 3016 288 3079 ita
308 3011 459 3075 nimirum
480 3010 596 3089 omisit,
616 3025 650 3072 ut
663 3027 807 3092 pergeret
827 3015 918 3093 quasi
938 3037 1004 3080 non
1021 3018 1055 3078 ab

83 3134 115 3195 ct
132 3114 307 3200 incepisset,
328 3108 367 3171 de
389 3125 451 3188 qua
468 3106 569 3188 figura
583 3106 711 3187 copiose
725 3106 872 3171 disseruit
887 3110 1054 3193 Madvigius

84 3222 123 3291 ad
144 3214 209 3282 Cic.
225 3211 264 3274 de
278 3206 331 3272 fin.
352 3224 382 3287 p.
397 3201 454 3283 786
468 3222 529 3284 sq.;
551 3216 581 3264 et
600 3220 783 3264 sermonem
803 3202 846 3265 ita
867 3204 1054 3286 instituitur

84 3312 207 3390 assidat,
229 3303 317 3391 quod
337 3323 365 3365 v.
384 3301 437 3363 301
463 3297 594 3360 demum
614 3296 754 3376 infertur,
774 3297 815 3359 ad
835 3300 924 3379 prius
945 3317 1052 3365 nomen

85 3411 171 3505 quod
186 3422 232 3474 est
244 3412 373 3485 uterque
386 3394 538 3461 Aeacides
557 3414 623 3456 non
643 3392 749 3455 minus
763 3412 861 3473 quam
876 3396 917 3458 ad
931 3398 1053 3458 alterum

84 3505 286 3587 referendum
306 3499 359 3573 sit,
382 3495 515 3557 verbum
536 3490 630 3573 igitur
648 3488 717 3553 dni
733 3495 845 3554 noeroil
869 3492 1008 3572 positum
1025 3500 1052 3549 ut

84 3609 216 3686 nomint
236 3597 408 3677 coniungat
428 3607 507 3672 quae
522 3587 655 3668 copulae
669 3583 857 3665 repetitione
871 3587 1050 3668 coniungere
