2370 4072
429 201 475 248 AD
489 202 517 249 V·
530 202 636 260 358-380
970 204 1022 265 105

36 383 167 445 vincula
198 384 359 462 scelerata,
393 383 449 446 sed
484 383 723 459 sceleratorum;
755 381 844 446 sedes
871 382 1024 446 scelerata

38 487 189 554 vicatim
210 478 248 541 cf.
270 479 381 542 Festus
401 498 431 559 p.
447 479 502 540 333
522 493 553 541 et
567 478 668 541 Varro
689 477 729 540 de
748 477 823 557 ling.
844 478 895 538 lat.
919 480 945 556 5,
971 480 1024 556 159

39 592 113 634 cum
130 572 221 635 Livio
239 594 263 651 1,
275 573 324 652 48,
338 592 366 652 7.
407 593 443 635 ea
460 573 556 654 igitur
569 572 695 634 vincula
714 592 733 634 a
746 572 873 653 piorum
886 573 960 635 sede
975 591 1024 634 se-

39 682 159 748 gregat,
183 666 215 728 id
235 667 321 729 enim
341 682 387 729 est
406 666 465 748 pia
487 666 558 729 sede
578 665 733 730 discernit.
778 667 816 730 G.
842 666 1024 729 Fabricium

39 761 176 823 edidisse
189 781 252 842 quo
264 761 408 844 Heynius
423 761 531 839 refert3
544 777 638 843 atque
652 760 731 824 mire
741 760 882 842 positum
896 776 941 823 est
953 781 1022 842 quo.

39 876 66 916 v.
79 855 138 934 379
151 854 210 916 sed
219 854 432 919 tolerabilibus
441 856 527 918 curii
538 855 616 919 haec
625 856 791 919 immemor
799 853 893 919 audis
903 856 1022 937 optime
1035 872 1075 918 ata

38 949 191 1012 traditum
209 950 372 1027 habemus,
397 949 457 1011 nisi
477 951 564 1031 quod
585 949 779 1014 tolerabilior
799 951 1022 1032 corrigendum

40 1059 105 1106 erat
114 1043 262 1124 librariis;
276 1060 370 1126 atque
382 1045 522 1106 defendit
532 1045 610 1107 illud
623 1046 769 1126 Scaliger,
783 1047 840 1108 sed
850 1061 1021 1126 argutatur.

40 1139 102 1201 hoc
125 1137 202 1200 dicit
226 1140 333 1202 culex:
363 1139 452 1201 audis
482 1139 560 1202 haec
590 1140 673 1202 curis
703 1140 833 1222 quidem
863 1156 899 1202 ut
928 1141 1022 1202 video

40 1233 151 1295 anxius
183 1233 348 1310 (nimirum
379 1233 537 1314 inquietus
573 1250 618 1296 est
648 1234 780 1316 pastoris
810 1255 958 1308 somnus,
992 1250 1023 1298 et

42 1327 207 1391 sollicitum
230 1344 324 1409 poeta
348 1344 439 1390 vocat
457 1349 487 1389 v.
510 1328 564 1390 385
586 1328 680 1391 etiam
704 1328 941 1409 dormientem),
967 1330 1021 1392 sed

42 1442 105 1485 non
126 1423 377 1486 intolerabilibus
398 1437 432 1484 ut
446 1442 507 1504 ego
521 1438 650 1485 vexatus
668 1421 806 1501 (trattati
818 1432 909 1505 atque
922 1425 1025 1487 animi

42 1516 237 1581 intoleranda
264 1516 448 1580 anxi'tudine
478 1518 591 1580 Pacuv.
617 1517 671 1596 164
692 1516 755 1595 tt),
786 1537 845 1579 nec
875 1517 1022 1581 retinebis

43 1612 205 1684 memoria,
226 1626 255 1673 et
275 1626 381 1673 tamen
402 1647 439 1657 -
460 1612 516 1675 sed
536 1627 683 1692 corrupta
707 1628 856 1673 secuntur
876 1632 1022 1693 quaeque

44 1707 191 1770 extricare
221 1724 288 1766 non
318 1706 448 1768 valeam.
496 1726 716 1788 quaecumque
745 1721 817 1768 ante
844 1705 1074 1788 Hauptiumaao

43 1816 273 1884 temptaverunt
293 1802 336 1879 (tu
355 1810 459 1864 tamen
479 1801 512 1865 in
524 1820 623 1864 vanos
636 1800 770 1863 dimittes
781 1801 905 1864 somnia
917 1811 1023 1865 ventos

45 1896 188 1978 Scaliger,
213 1904 245 1958 et
267 1905 370 1958 tamn
394 1917 490 1978 usque
509 1895 602 1978 vagis
626 1895 759 1958 diini'ttes
782 1896 905 1958 somm'a
923 1896 1023 1960 ventis

46 1982 190 2074 Silligius)
220 1990 305 2053 irrita
331 2006 413 2070 sunt,
444 2011 519 2054 nam
548 2006 621 2072 post
650 1991 707 2052 ista
737 1990 902 2053 immitior
928 1991 1022 2054 audis

45 2107 135 2148 sensu
166 2100 249 2148 caret
278 2094 382 2149 tomen
401 2123 439 2132 -
460 2087 601 2150 diinittes.
652 2083 784 2165 Hauptii
809 2100 915 2147 autem
946 2105 1022 2148 con-

45 2180 159 2244 iectura
178 2190 211 2242 et
226 2190 330 2243 armen
347 2181 407 2244 etsi
423 2182 516 2245 audit
535 2201 638 2263 neque
659 2179 831 2261 quicquam
851 2181 938 2243 addit
951 2201 1022 2244 sen·
1063 2216 1068 2225 ·

44 2277 154 2338 tentiae
175 2275 238 2337 iam
259 2277 437 2339 enuntiatae
457 2274 561 2337 verbis
581 2274 745 2338 immemor
764 2276 858 2339 audis
881 2292 911 2338 et
930 2296 1022 2358 syna-

43 2369 190 2451 loepham
220 2374 259 2433 ab
290 2372 352 2434 hoc
384 2385 478 2452 poeta
508 2370 637 2432 vitatam
667 2371 774 2449 habet,
808 2386 844 2433 ut
877 2371 1022 2452 exposuit

10 2472 12 2481 '
44 2465 156 2528 Bittius
182 2466 222 2527 de
247 2466 374 2527 halieut.
398 2469 443 2528 50.
488 2465 543 2546 qui
569 2464 657 2545 quod
679 2466 812 2528 coniecit
839 2482 869 2529 et
888 2466 1021 2529 Thiloni

42 2561 185 2640 probavit
204 2569 236 2623 et
252 2560 389 2623 lamenta
408 2559 502 2640 vagis
521 2559 654 2622 dimittes
678 2560 783 2624 omnia
806 2560 905 2624 ventis
927 2562 1022 2622 habet

10 2718 13 2737 ,
43 2655 170 2737 quidem
193 2656 280 2736 quod
302 2655 515 2717 assensionem
541 2654 642 2716 eliciat
666 2671 696 2717 et
720 2656 746 2717 si
771 2654 950 2718 emendatio
976 2669 1022 2716 est

43 2749 139 2813 facilis
170 2765 229 2829 est,
265 2751 320 2812 sed
355 2749 457 2812 sentio
487 2749 621 2811 dimittes
648 2751 755 2813 omnia
783 2751 881 2813 ventis
911 2749 1021 2812 fortius

42 2845 161 2906 dictum
176 2865 241 2907 esse
255 2864 351 2925 quam
365 2843 503 2907 lomento
515 2843 629 2905 omnio.
670 2845 757 2926 quod
772 2845 820 2906 his
833 2845 1022 2906 substituam

42 2959 106 3001 non
132 2941 251 3013 habeo,
276 2939 331 3000 sed
356 2939 495 3020 primum
519 2936 612 2999 video
637 2939 805 3001 manifesto
835 2953 1022 3020 corruptum

44 3053 106 3095 esse
131 3053 235 3096 unum
258 3033 363 3106 uadit,
391 3031 504 3094 deinde
528 3031 658 3112 vestigia
683 3052 764 3112 quae
789 3033 828 3094 ad
853 3033 1021 3114 pristinum
1065 3028 1068 3032 “

42 3149 168 3191 sensum
193 3129 365 3210 perducere
390 3127 511 3208 possint
536 3145 610 3189 cum
635 3145 764 3208 quaem,
792 3146 893 3189 unum
919 3136 1022 3189 tamen

44 3222 176 3300 inveni0,
203 3223 291 3303 quod
315 3237 439 3285 tantum
464 3222 506 3284 ad
531 3222 588 3283 ista
612 3221 778 3283 immemor
800 3221 894 3283 audis
913 3220 1021 3282 referri

45 3332 149 3394 potest.
196 3333 289 3399 atque
319 3317 546 3399 probabilitatis
577 3336 689 3378 omnes
718 3335 868 3376 numeros
899 3315 1021 3396 expleat

47 3411 108 3473 talis
128 3413 294 3474 sententia:
325 3421 362 3486 et,
388 3421 490 3474 tamen
510 3420 546 3474 ut
563 3409 753 3488 memineris,
778 3409 811 3471 in
832 3410 1021 3472 memoriam

10 3572 12 3581 Ι
48 3524 177 3585 revoces,
191 3507 329 3587 redeant,
347 3508 488 3585 subeant,
509 3505 642 3568 dimittes
654 3503 777 3567 somm'a
789 3502 901 3576 ventis·
926 3501 1021 3564 nimi-
