2528 4202
233 315 274 376 94
592 290 852 340 COMMENTARIVS

234 478 453 558 comprobare.
492 474 624 538 similius
645 489 802 556 nusquam
823 473 963 554 positum
983 471 1059 536 novi
1078 491 1177 552 quam
1201 493 1223 534 a

235 571 357 636 Grattio
378 571 411 634 in
432 569 620 652 cynegeticis
642 570 697 649 345
723 567 797 649 quta
819 576 852 631 et
867 565 1032 630 Mavortea
1051 564 1129 630 bello
1148 565 1222 629 oul-

233 685 314 730 nera
342 673 374 728 et
399 673 544 728 errantes
572 673 632 745 per
660 671 705 727 tot
731 661 866 726 divertit
894 661 1019 725 morbos
1043 679 1224 742 causasque

233 761 420 841 affectuque
439 777 552 822 canum
571 768 626 821 nea
646 762 754 834 [ctera]
775 755 892 820 atert'st.

313 855 494 918 Homerum
513 873 592 916 num
612 853 687 914 huic
707 871 837 933 quoque
859 851 932 915 loco
955 849 1061 932 ipsum
1080 867 1224 929 compo-

234 950 341 1014 nendo
365 965 459 1031 poeta
477 948 655 1012 adhibuerit
666 967 733 1010 non
747 963 812 1010 tam
826 961 911 1010 certo
925 945 988 1008 dici
1000 958 1104 1027 potest
1116 962 1224 1024 quam

235 1043 269 1108 in
288 1044 464 1108 inferorum
485 1043 709 1126 descriptione;
733 1061 809 1104 nam
835 1040 923 1121 quod
946 1039 1050 1102 statim
1070 1038 1103 1099 in
1123 1035 1223 1100 initio

181 1158 223 1204 sos
236 1140 313 1202 haec
333 1159 403 1203 cum
422 1137 570 1202 manaret
584 1137 739 1219 sanguen
759 1133 848 1200 tellus
868 1136 901 1200 in
921 1136 987 1217 ipsa
1006 1132 1136 1197 navium
1157 1150 1223 1212 op-

235 1233 428 1316 pugnatione
448 1253 559 1314 graece
577 1234 726 1314 leguntur
741 1231 790 1315 ῥέε
806 1231 836 1295 d’
852 1237 964 1314 nipast
983 1242 1061 1310 rotza
1075 1229 1223 1312 μέλαινα

236 1330 276 1407 (0
287 1330 364 1408 715),
379 1328 412 1391 in
426 1329 537 1392 usitata
550 1329 709 1391 locutione
724 1328 848 1407 (Catuli.
860 1329 907 1408 64,
922 1328 980 1406 344
993 1346 1062 1390 cum
1076 1323 1226 1406 Phrygii

241 1422 359 1488 Teucro
388 1423 563 1488 manabunt
587 1423 741 1504 sanguine
767 1423 883 1504 campi,
912 1421 988 1484 Stat.
1010 1421 1090 1486 Aah.
1116 1441 1140 1499 1,
1167 1421 1222 1498 86)

236 1517 315 1580 nihil
335 1520 447 1599 probat
471 1519 520 1596 (cf.
540 1540 569 1580 v.
584 1520 646 1597 28);
671 1537 775 1598 neque
794 1518 865 1599 plus
889 1518 922 1580 in
942 1517 1072 1579 alteram
1091 1529 1223 1596 partem

234 1611 320 1674 valet
348 1611 436 1693 quod
465 1633 524 1677 nec
549 1614 642 1694 Sigea
671 1631 729 1674 nec
755 1612 898 1676 Rhoetea
927 1611 1018 1676 litora
1042 1609 1225 1675 Homerica

235 1722 309 1769 sunt
328 1725 432 1788 neque
446 1707 500 1770 Ida
520 1707 602 1771 faces
623 1710 785 1788 praebens.
825 1721 919 1787 atque
938 1705 1050 1785 legisse
1071 1703 1165 1768 illum
1189 1722 1225 1768 et

182 1819 222 1866 sot
236 1801 359 1864 novisse
380 1801 514 1866 Homeri
533 1822 660 1865 carmen
674 1800 876 1864 manifestum
894 1815 948 1864 est
988 1821 1017 1862 v.
1032 1801 1087 1878 307
1102 1799 1225 1881 Sigea·

234 1916 293 1978 que
308 1906 438 1978 praeter
456 1897 622 1960 confirmat
637 1897 732 1960 etiam
746 1895 893 1959 codicum
908 1895 1085 1975 corruptela
1104 1916 1134 1957 v.
1151 1895 1227 1976 319,

235 2007 265 2054 et
285 1992 408 2056 videtur
428 1992 567 2073 intellegi
581 2012 673 2073 posse
694 1990 786 2076 παρὰ
800 1995 883 2056 θῖνα
897 1987 1075 2074 θαλάσσης.
1104 1988 1144 2052 cf.
1161 1989 1228 2070 390

235 2085 290 2148 ubi
316 2086 423 2150 noum
440 2095 573 2166 praeter
597 2106 699 2166 aquae
724 2084 825 2152 torelli
849 2083 907 2148 suo
926 2081 1049 2164 fronde
1073 2082 1228 2148 lateam

235 2180 436 2260 conformare
459 2177 559 2242 locum
588 2180 672 2260 capit
692 2200 758 2243 non
783 2195 866 2243 recte
894 2179 1014 2244 dictum
1042 2178 1168 2242 videtur
1193 2197 1228 2244 et

237 2273 367 2338 fortasse
397 2275 452 2337 uni
478 2275 634 2337 Bembino
664 2274 868 2348 ascribendus
892 2293 993 2352 error,
1024 2293 1097 2336 cum
1126 2289 1227 2338 vetu-

236 2367 344 2431 stiores
364 2369 506 2450 plerique
523 2377 652 2450 propter
672 2372 840 2452 praebeant
861 2368 910 2447 (cf.
925 2369 1020 2448 Verg.
1038 2368 1096 2431 ecl.
1110 2368 1139 2447 8,
1159 2369 1226 2448 87).

236 2461 288 2526 hic
313 2462 449 2526 editores
469 2463 638 2526 Heinsium
661 2464 760 2526 secuti
784 2464 973 2528 substituere
991 2471 1125 2544 propter
1151 2483 1225 2544 quo

236 2553 337 2638 Sigea
357 2555 451 2621 litora
469 2559 646 2622 subiectum
666 2558 753 2620 fieret
767 2557 928 2630 enuntiati,
947 2557 1057 2623 valere
1069 2557 1227 2622 Vossiani

236 2649 460 2731 praedicatum,
491 2672 564 2716 cum
589 2669 774 2735 corruptum
798 2656 932 2717 verbum
956 2653 1079 2716 tradant
1104 2652 1228 2733 integri

237 2743 362 2809 codices
381 2745 455 2811 otili.
495 2747 551 2810 sed
576 2767 635 2812 nec
659 2748 776 2829 duplex
801 2747 955 2811 correctio
978 2747 1152 2829 probabilis
1175 2766 1227 2812 est

237 2857 295 2904 nec
318 2841 489 2904 sententiae
515 2841 734 2920 conformatio,
761 2862 823 2924 qua
847 2843 963 2907 scilicet
988 2840 1047 2904 viri
1076 2840 1226 2923 primum

236 2932 343 2998 videre
365 2933 517 3014 dicantur,
538 2952 607 3000 tum
627 2938 719 3000 tellus
741 2953 771 3000 et
791 2937 923 3000 flumina
943 2956 1081 3014 manare,
1102 2935 1226 3002 deinde

236 3027 329 3092 litora
348 3029 463 3094 videre.
504 3031 654 3111 temptavi
678 3029 715 3095 oi
731 3030 825 3096 daret
846 3031 879 3096 irt
900 3029 1023 3105 classes,
1043 3030 1100 3094 sed
1121 3050 1228 3113 quae-

236 3123 325 3187 sitius
350 3123 479 3190 fortasse
504 3145 562 3189 nec
586 3141 692 3190 tamen
717 3124 819 3208 aptius
844 3127 906 3189 hoc
931 3126 988 3190 erit
1011 3146 1109 3207 quam
1129 3127 1227 3207 quod

237 3219 446 3284 Baehrensius
473 3241 510 3283 ex
535 3219 716 3285 coniectura
740 3221 847 3304 posuit
867 3217 1010 3284 truderet
1036 3221 1070 3284 t‘n
1094 3218 1226 3294 classes.

238 3314 311 3377 facit
331 3314 393 3377 hoc
413 3315 534 3379 Hector
554 3334 628 3378 cum
648 3313 716 3377 aliis
735 3312 814 3377 locis
834 3331 904 3378 tum
924 3317 953 3379 O
975 3317 1031 3396 346
1051 3336 1096 3397 sq.
1132 3316 1228 3381 iram

237 3422 344 3470 autem
369 3407 514 3472 Hectoris
539 3426 569 3473 et
593 3417 726 3472 aunam
750 3407 912 3474 ine'rnmm
939 3428 1099 3492 nusquam
1123 3410 1229 3475 vehe-

238 3501 426 3566 mentiorem
452 3501 718 3585 deprehendimus
744 3521 840 3585 quam
866 3503 972 3568 0603
993 3524 1039 3586 sq.
1065 3503 1115 3584 (M
1135 3505 1229 3588 462).

238 3596 278 3657 ad
302 3595 391 3678 egres
414 3595 607 3660 vocabulum
637 3618 666 3660 v.
687 3599 743 3661 310
774 3599 885 3662 ultimo
915 3600 988 3662 loco
1018 3599 1159 3682 positum
1194 3621 1228 3667 et
