2528 4202
224 297 261 357 72
583 275 842 323 cottnnurnmvs

224 457 402 521 dormiente
427 459 608 539 sepulcrum
634 457 795 538 flagitaret,
821 457 872 520 ille
898 457 1050 538 imperata
1076 456 1212 535 faceret,
1256 453 1257 470 ¹

224 574 301 634 ergo
322 553 489 616 verisimile
503 568 557 632 est,
578 571 693 634 poema
706 571 865 632 graecum,
886 553 926 614 ad
940 552 1030 615 cuius
1043 553 1213 632 exemplar
1256 623 1257 630 ἵ

224 647 370 710 Culicem
391 648 603 730 compositum
631 667 697 718 esse
724 647 927 722 coniecimus,
953 648 1131 711 inferorum
1152 648 1212 710 de·
1256 649 1257 708 1

224 742 392 823 scriptione
419 742 554 806 caruisse
579 756 609 803 et
635 757 762 822 poetam
786 742 970 806 Romanum
990 745 1076 807 hunc
1097 743 1213 806 locum
1256 733 1257 818 f

224 851 412 916 argumento
455 835 634 912 inseruisse,
672 836 773 899 multa
812 837 972 904 doctrinae
1012 837 1213 918 supellectile
1256 863 1257 906 ;

224 930 366 1011 undique
385 947 543 1012 congesta.
567 951 633 1010 quo
647 931 755 994 labore
770 932 902 994 obrutus
916 952 985 994 rem
998 931 1213 1012 principalem
1256 973 1257 1028 p

223 1025 346 1088 adferre
367 1027 484 1088 oblitus
504 1039 557 1086 est.
1256 1077 1257 1128 p

302 1121 403 1182 Culex
428 1139 556 1182 amnem
580 1134 773 1192 transvectus
797 1119 837 1182 ad
862 1119 987 1182 Tartari
1011 1121 1111 1182 limen
1134 1140 1213 1202 per·
1256 1137 1257 1152 ¹

103 1269 104 1272 ,
145 1215 318 1281 nissi-venit.
358 1232 452 1296 atque
467 1214 534 1276 Itali
555 1213 757 1278 restituerunt
771 1236 799 1276 v.
815 1215 872 1279 216
891 1213 961 1276 vidi
977 1214 1214 1296 utflograntia
1256 1225 1257 1234 ’

224 1309 324 1372 taedis
343 1309 454 1373 le'ene'ecu
474 1308 623 1374 collucent
639 1309 847 1373 sollemnibus
867 1308 1025 1372 scribendi
1045 1310 1213 1378 erroribus

223 1405 385 1482 correctis;
413 1404 470 1467 sed
495 1403 668 1468 necessaria
692 1404 787 1466 etiam
812 1421 857 1466 est
882 1405 995 1468 Bembi
1025 1405 1213 1469 emendatio
1256 1449 1257 1500 p

224 1498 316 1561 otiien
335 1509 376 1573 ut,
397 1518 471 1561 nam
489 1518 546 1580 per
558 1513 657 1562 totam
671 1499 883 1563 narrationem
897 1521 937 1572 eo
951 1499 1083 1567 artificio
1098 1501 1213 1576 utitur,
1256 1505 1257 1554 i

224 1609 261 1654 ut
280 1613 365 1656 nunc
385 1594 521 1657 maxime
542 1595 633 1676 quasi
652 1594 726 1656 duci
745 1609 776 1658 et
788 1595 855 1674 rapi
868 1615 901 1660 se
915 1614 971 1678 per
984 1595 1094 1658 omnia
1108 1595 1257 1692 lingat}

226 1688 274 1766 (cf.
296 1689 454 1770 Hauptius
478 1709 585 1771 opusc
608 1691 635 1766 3,
655 1693 713 1768 70).
693 1689 868 1766 >deinde
888 1709 947 1771 pro
967 1689 1096 1769 ensestcs,
1119 1683 1257 1770 quod

224 1783 394 1862 quaesitius
425 1800 470 1848 est
500 1805 558 1848 nec
588 1800 694 1848 tamen
723 1784 824 1869 poetis
849 1801 903 1848 aut
928 1785 1213 1890 scriptoribusin-

224 1878 375 1941 usitatum
401 1879 583 1986 (ensestaque
606 1889 696 1943 terea
720 1878 869 1953 colubres,
897 1889 934 1942 ut
959 1879 1064 1944 minut
1093 1879 1212 1959 infesto
1256 1845 1257 1960 l

224 1973 340 2036 e‘erce'anc
363 1974 491 2055 regione
512 1974 624 2037 labora
649 1989 679 2037 et
705 1973 765 2036 alia
785 1989 860 2036 nota
880 1973 1008 2053 omnia),
1033 1993 1211 2037 commune
1256 1963 1257 2058 l

225 2084 259 2130 ut
290 2069 324 2131 fit
354 2084 384 2130 et
414 2069 496 2132 iners
525 2068 718 2131 vocabulum
748 2084 922 2148 posuerunt
952 2084 983 2132 et
1012 2088 1069 2150 per
1095 2085 1211 2132 omnes
1256 2049 1257 2102 l

225 2163 379 2225 editiones
399 2162 632 2226 circumferunt.
674 2162 711 2224 cf.
733 2163 808 2226 Stat.
829 2163 895 2226 silv.
918 2165 944 2242 3,
966 2183 993 2242 2,
1018 2163 1074 2225 106
1095 2163 1211 2226 limina

224 2257 313 2322 festa.
354 2258 409 2320 sed
430 2257 546 2320 eodem
568 2276 660 2318 versu
681 2257 787 2320 oennt'a
812 2259 932 2320 nullam
955 2257 1092 2320 admittit
1113 2259 1212 2323 inter·

225 2351 449 2432 pretationem:
470 2352 534 2413 sive
554 2351 660 2416 omnc'u
680 2351 792 2418 limena
812 2352 978 2434 coniungis
999 2367 1034 2414 ut
1053 2353 1210 2434 plerique,

226 2466 326 2508 unum
347 2460 470 2510 tantum
489 2445 588 2507 limen
608 2447 728 2510 advena
752 2448 858 2510 videre
884 2463 1000 2530 potest;
1030 2447 1096 2510 sive
1117 2448 1211 2511 intel·
1256 2501 1257 2530 ,

225 2543 303 2624 legis
327 2541 419 2604 vellen
443 2547 480 2602 ut
496 2539 681 2621 flagrantia
710 2541 810 2606 taede's
836 2541 956 2615 limitta,
987 2541 1138 2606 collucent
1166 2544 1210 2606 in·
1256 2533 1257 2558 ¹

216 2638 312 2719 fictis
331 2635 437 2700 omniu
461 2634 589 2715 templu,
615 2651 650 2699 ut
674 2635 823 2704 collucent
843 2637 912 2703 ἀπὸ
929 2643 1041 2702 κοινοῦ
1065 2639 1210 2718 positum

224 2735 273 2812 sit,
298 2732 373 2794 huic
397 2751 526 2812 quoque
551 2748 663 2812 poetae
684 2731 765 2794 Ditis
788 2751 885 2812 regna
904 2732 975 2794 luce
1001 2747 1110 2794 carent
1130 2735 1208 2812 (273.

227 2830 308 2907 372);
328 2827 392 2890 sive
406 2827 447 2888 ita
461 2826 620 2889 distribuis
635 2825 710 2900 velli,
730 2835 766 2890 ut
774 2825 959 2907 flagrantia
978 2823 1078 2889 taedis
1095 2826 1210 2890 limina
1256 2823 1257 2912 l

226 2924 380 2997 collucent,
410 2921 530 3001 infestis
559 2920 665 2984 emnia
694 2919 826 3002 templis,
862 2936 896 2982 ut
928 2920 1047 2984 scilicet
1079 2942 1209 2985 accessu

226 3019 404 3100 prohibitus
424 3017 529 3079 videre
550 3032 655 3079 tamen
676 3016 783 3078 omnia
802 3015 941 3096 potuerit
960 3015 1052 3078 culex
1076 3015 1154 3094 (fere
1175 3032 1209 3077 ut
1256 3061 1257 3104 ,

226 3113 376 3176 Aeneidis
400 3112 542 3174 secundo
564 3113 621 3190 483
652 3119 786 3193 apparet
812 3109 921 3172 doum
950 3109 1033 3172 intus
1062 3119 1094 3172 et
1121 3110 1209 3172 acen

227 3207 322 3289 longa
336 3216 505 3289 patescunt,
530 3213 664 3287 apparet
681 3204 811 3268 Priami
828 3213 860 3268 et
875 3213 1014 3267 veterum
1027 3203 1209 3286 penetralia

227 3323 340 3384 regum
359 3310 559 3382 armatosque
577 3299 684 3364 vident
699 3309 814 3362 stantes
833 3298 866 3363 in
885 3297 992 3362 lmine
1004 3297 1135 3378 primo),
1161 3298 1209 3360 in-

228 3397 302 3459 cidit
322 3397 378 3459 ista
399 3395 576 3458 distributio
598 3415 693 3458 omne
712 3395 800 3477 quod
820 3393 968 3474 deinceps
989 3393 1117 3454 ducitur
1137 3413 1209 3455 nar·

227 3492 355 3554 rationis
368 3491 467 3552 filum.
499 3510 575 3572 ergo
590 3491 698 3552 omnia
712 3505 746 3552 ut
759 3489 869 3552 videor
883 3504 1028 3568 expertus
1040 3487 1208 3549 emendavi

228 3606 293 3647 non
315 3601 349 3648 ut
369 3605 453 3647 nova
472 3605 521 3647 tes
542 3585 703 3649 accederet
722 3584 778 3648 sed
792 3583 882 3664 vigor
900 3583 1039 3646 sermoni
1060 3598 1091 3646 et
1111 3601 1208 3664 quam
