2536 4200
460 313 665 364 nouus-or
1012 317 1044 377 51

65 517 187 586 poetas,
209 499 271 562 nisi
290 497 359 580 quis
379 496 511 579 impiam
530 496 633 560 lotum
653 516 692 558 ex
712 515 777 559 uno
799 496 944 560 Homero
964 515 1052 558 sum·

66 613 156 681 ptam
177 614 244 659 esse
266 591 444 669 contendat,
471 591 527 653 ubi
550 611 624 654 sane
646 611 712 653 non
731 591 828 656 soccos
848 589 953 654 Ithaci
968 612 1051 654 mae-

65 690 168 756 rentes
186 686 296 770 abegit
313 687 405 764 lotos,
429 686 485 748 sed
499 701 534 748 ut
546 685 589 748 ait
612 686 687 762 τούς
707 686 768 769 μὲν
787 685 870 766 ἐγών
895 685 951 750 ἐπὶ
973 692 1053 772 νῆας

65 789 151 867 ἄγον
161 785 332 857 κλαίοντας
341 775 474 870 ἀνάγκῃ,
483 784 574 866 νησσλ
586 780 616 846 δ’
626 780 673 846 ἐνὶ
682 781 883 870 γλαφυρῇσιν
892 779 961 848 ὑπὸ
972 781 1054 861 ζυγὰ

67 881 155 966 δῆσα
169 877 304 967 ἐρύσσας
324 885 414 966 (ι98).
462 900 555 965 atque
576 883 643 964 ipsa
663 884 898 966 prosopopoeia
917 884 1054 948 indicare

67 983 196 1044 videtur
207 979 355 1043 Lotidem
372 978 475 1057 (Latos
492 978 628 1060 nympha
641 978 726 1042 Serv.
737 998 845 1060 georg.
856 999 883 1058 a,
896 980 944 1059 84)
956 996 1056 1042 trans-

68 1079 242 1142 formatam
256 1090 368 1157 poetae
383 1089 491 1135 notam
504 1073 614 1151 fuisse;
635 1093 715 1155 quae
732 1089 778 1136 est
791 1073 955 1136 historiola
970 1075 1057 1137 Pria-

67 1193 139 1254 pea,
162 1171 196 1233 id
215 1185 262 1232 est
279 1169 403 1232 novicia
417 1168 450 1231 in
469 1168 556 1248 poesi
576 1168 781 1231 Graecorum.
815 1170 855 1232 de
869 1170 1057 1236 Heliadibus

68 1263 255 1328 Knaackius
269 1264 332 1344 egit
346 1279 465 1345 quaest
479 1263 610 1326 Phaeth.
624 1283 654 1345 p.
668 1267 705 1343 45
721 1279 752 1326 et
765 1265 805 1328 ad
819 1265 973 1347 Apolloni
986 1266 1058 1328 imi-

68 1361 227 1424 tationem
241 1360 317 1420 istos
331 1378 437 1424 versus
450 1358 577 1436 rettulit,
591 1358 624 1421 id
639 1358 768 1440 quidem
782 1359 849 1422 sine
861 1361 1057 1438 necessitate;

68 1457 113 1518 de
125 1453 272 1536 Phyllide
284 1451 472 1515 Callimachi
482 1452 628 1516 Rohdius
639 1453 710 1515 libri
722 1454 760 1517 de
772 1455 885 1518 fabulis
899 1457 1058 1518 amatoriis

70 1548 249 1632 graecisp.
269 1565 322 1628 129
349 1562 379 1610 et
402 1548 460 1627 473
483 1561 514 1608 et
535 1545 620 1608 idem
640 1547 819 1612 Knaaclrius
844 1551 1059 1615 analectorum

70 1643 366 1708 Alexandrinorum
376 1643 597 1707 Romanorum
609 1662 638 1723 p.
650 1645 774 1723 29-43.
796 1645 953 1726 Myrsinae
972 1646 1061 1708 deni·

70 1760 139 1821 que
150 1739 439 1820 velMyrenaelr45l
451 1738 598 1800 fabellam
604 1737 743 1819 aliquam
750 1740 897 1802 novimus
906 1761 943 1802 ex
950 1740 1059 1802 Servio

71 1835 116 1898 ad
130 1839 211 1898 Aen.
224 1836 251 1912 3,
263 1835 299 1895 23
315 1849 345 1895 et
359 1853 396 1894 ex
410 1833 664 1915 geoponicorum
679 1854 722 1911 11,
736 1834 764 1911 ὁ,
780 1853 877 1915 quem
889 1834 999 1896 locum
1012 1836 1061 1897 in-

72 1929 193 1992 dicavit
206 1945 277 1992 ante
291 1928 485 2010 Scaligerum
500 1929 535 1990 P.
549 1928 688 1990 Bembus
702 1928 735 2004 in
750 1928 877 2009 dialogo
892 1929 932 1991 de
948 1929 1061 1993 Culice

72 2028 198 2107 (opusc.
215 2043 245 2104 p.
257 2024 314 2105 97).
349 2023 400 2086 cui
421 2023 545 2085 fabulae
563 2022 590 2083 si
604 2042 670 2085 non
691 2023 750 2104 ipsi
770 2023 867 2085 fidem
882 2023 954 2088 lacit
967 2040 1061 2106 poeta

71 2119 238 2200 antiquus,
258 2134 289 2180 at
303 2117 441 2182 tabulam
455 2117 549 2180 luisse
564 2118 659 2200 myrti
679 2119 917 2182 transformatae
936 2141 954 2182 a
967 2135 1061 2202 poeta

73 2211 240 2277 neoterico
251 2213 427 2295 expositam
436 2228 575 2274 testatur.
591 2228 674 2276 totus
686 2215 888 2278 autemlocus
895 2214 1062 2277 manifesto

75 2306 216 2372 ostendit
230 2306 320 2369 cuius
333 2307 456 2389 generis
470 2323 579 2390 poetas
590 2323 733 2371 auctores
747 2308 808 2371 sibi
821 2308 872 2371 ille
883 2297 1061 2391 sumpserit

157 2401 289 2482 Singula
308 2422 348 2464 ne
363 2402 554 2480 omittamus,
575 2423 603 2464 v.
622 2421 675 2481 127
696 2403 816 2486 inszgtzz'
831 2404 968 2467 vindicet
982 2405 1061 2467 Ver·
1074 2419 1114 2470 12⁷

74 2497 174 2579 gilius
193 2501 273 2559 Aen.
294 2515 321 2576 7,
341 2498 397 2559 655
416 2506 492 2577 post
511 2495 569 2560 hos
595 2497 750 2578 insignem
767 2498 882 2579 palma
901 2509 963 2580 per
980 2514 1063 2580 gra·

75 2591 168 2654 mimz
183 2611 314 2654 currum
326 2591 518 2672 victoresque
529 2601 661 2680 ostentet
670 2613 772 2673 equor,
801 2615 844 2671 ro,
859 2594 914 2655 353
929 2593 1063 2675 tirsrgrussr

74 2686 246 2766 Messapus
254 2705 350 2766 equts,
362 2685 476 2766 quibus
486 2686 564 2748 locis
576 2687 664 2768 quod
675 2687 810 2769 hrrigmsst
819 2690 914 2751 habet
930 2708 995 2769 quo
1006 2688 1062 2750 de-

78 2781 276 2858 terminetur,
293 2780 325 2841 id
338 2780 372 2842 in
382 2781 465 2842 Solis
476 2801 569 2844 curru
582 2802 647 2845 non
661 2782 755 2845 fuerit
768 2783 991 2860 necessarium3
1004 2784 1060 2847 sed

77 2876 218 2937 incertus
233 2893 304 2936 sum
319 2894 427 2938 annon
443 2895 517 2937 curn
533 2877 680 2957 genetivo
696 2877 886 2940 adiectivum
901 2878 953 2940 hic
968 2893 1062 2958 poeta

79 2968 291 3048 coniunxerit,
302 2984 412 3032 utnon
423 2989 551 3032 currum
562 2991 720 3052 equorum
731 2971 853 3051 dixerit,
866 2972 922 3034 sed
933 2991 1061 3034 currum

78 3064 426 3145 insignemequorum,
447 3081 482 3127 ut
495 3066 646 3128 Horatius
666 3082 780 3128 notum
799 3065 890 3128 illum
910 3066 943 3127 in
954 3065 1062 3128 fratres

79 3158 180 3222 animi
199 3159 330 3241 paterni.
355 3195 393 3204 -
420 3180 448 3223 ν.
469 3161 522 3223 128
542 3160 700 3226 ambraus
719 3161 890 3223 Heliadum
910 3176 1004 3230 artus,
1028 3176 1064 3224 ut
1077 3174 1116 3220 tas
1215 3231 1224 3242 Ι,

79 3255 164 3332 illae,
177 3269 341 3335 tamquam
355 3254 439 3317 Creo
453 3255 643 3335 Euripideus
654 3255 848 3342 nouorlxed'
859 3259 939 3319 dors
954 3256 1064 3331 κισσὸς

80 3352 206 3434 ἕρνεσιν
229 3348 358 3434 δάφνης
378 3350 472 3428 (Med.
488 3350 581 3428 1213),
602 3349 702 3411 fratris
717 3349 843 3432 corpori
857 3348 1063 3427 adhaeserint,
1086 3405 1089 3411 .
1115 3421 1116 3424 Ἴ

79 3462 207 3506 servare
233 3443 314 3507 velle
339 3444 373 3506 in
398 3442 596 3524 reliquorum
622 3442 749 3506 testium
773 3444 897 3507 silentio
920 3446 1064 3526 ineptum

78 3552 177 3616 esset3
212 3553 295 3602 recte
331 3538 405 3600 inde
437 3558 455 3600 a
484 3539 610 3600 saeculo
640 3538 710 3600 XV.
744 3539 858 3621 legitur
890 3540 1065 3612 ambustas:
1156 3603 1159 3609 ,

81 3633 170 3698 ἔνθα
199 3633 276 3700 rror'
304 3633 495 3698 αἰθαλόεντι
520 3638 632 3708 τυπεὶς
665 3632 749 3722 πρὸς
778 3639 891 3722 στέρνα
924 3635 1068 3722 κεραυνῷ

874 3747 912 3807 a*
