2536 4200
247 281 282 341 32
604 276 864 325 COMMENTARIVS

247 460 329 523 culta
350 459 430 533 dici,
450 474 485 521 ut
505 458 547 521 ait
566 456 715 538 Silligius,
734 476 845 519 verum
866 475 932 519 non
947 472 1002 536 est,
1024 457 1061 519 cf.
1077 477 1185 540 georg.
1201 478 1229 536 2,
1245 484 1246 544 9

250 577 285 636 14
304 576 363 637 sq.;
388 554 486 618 cultra
505 571 667 616 nemorum
691 567 726 614 ut
745 550 844 614 cultus
867 551 1005 616 locorum
1025 552 1142 615 Statius
1162 552 1247 622 silai

245 671 272 730 2,
293 671 320 727 2,
341 671 395 730 413
427 651 454 726 3,
481 652 506 728 5,
527 648 579 728 89;
609 665 713 727 neque
744 646 777 708 in
808 646 926 727 campis
956 662 1079 710 tantum
1100 650 1248 710 arboresl

245 748 401 810 coluntur.
446 746 502 808 sed
531 743 586 824 qui
611 761 744 805 nemora
769 740 851 803 inter
875 742 1044 807 hominurn
1068 743 1249 806 domicilial

244 842 301 904 sita
327 841 509 920 intellegere
535 835 764 915 dubitabang'
755 855 823 898 1ure
851 836 1044 916 dubitabant,
1069 836 1250 920 s1qu1deml

245 936 321 998 deae
335 934 466 996 tutelam
479 933 540 996 sibi
553 933 670 1015 expetit
684 947 786 1039 poeta.
828 931 1008 994 ‘nemorum
1028 933 1131 996 cultus
1147 924 1251 996 nove

245 1045 274 1092 et
299 1029 447 1093 audacter
471 1028 587 1108 scribit,
618 1027 692 1110 quia
722 1026 786 1089 iam
816 1025 926 1088 tritum
955 1042 1020 1090 erat
1045 1028 1150 1090 cultor
1175 1012 1252 1090 ne

244 1144 372 1187 morum
373 1123 621 1197 'Buechelerus3
641 1138 736 1203 atque
755 1121 818 1183 hoc
836 1121 928 1184 illum
941 1121 1078 1186 voluisse
1092 1143 1254 1206 sequens

204 1233 231 1280 te
244 1238 351 1282 versus
366 1221 561 1300 comprobat,
576 1217 632 1279 ubi
645 1215 733 1297 quod
747 1214 822 1278 dicit
833 1224 862 1277 te
875 1215 1001 1281 cultrice
1012 1237 1116 1299 vagus
1128 1217 1255 1312 salnes

232 1314 331 1393 feror
351 1312 431 1376 niter
450 1321 482 1376 et
498 1321 594 1376 antra
613 1313 698 1390 (nam
716 1319 807 1374 astra
820 1310 966 1392 Heynius
980 1312 1136 1390 correxit),
1158 1278 1256 1406 loca

241 1408 360 1471 inculta
379 1407 496 1470 indicat
515 1425 596 1488 quae
617 1421 739 1468 tanturn
761 1405 851 1467 Pales
877 1405 972 1484 colat,
997 1422 1032 1469 ut
1052 1426 1133 1487 quae
1156 1422 1257 1494 apta

241 1502 304 1564 sint
323 1502 486 1610 pascendis
506 1500 674 1585 pecoribus
689 1515 813 1563 tantum
834 1499 883 1577 (cf.
895 1453 988 1564 Luci.
1005 1503 1031 1578 5,
1045 1503 1111 1582 955.
1131 1502 1228 1578 1386)
1257 1544 1258 1564 t

242 1596 327 1659 illa
319 1597 413 1678 1gitur
438 1617 519 1678 quos
545 1596 620 1659 colit
646 1596 751 1674 saltus,
782 1613 822 1657 ne
849 1595 915 1676 ip'se
936 1596 1065 1676 quidem
1091 1595 1232 1658 timebit.
1258 1632 1259 1670 2

244 1702 271 1755 te
295 1691 421 1754 cultrice
451 1691 528 1754 dixit
557 1708 592 1762 ut
617 1689 774 1771 Vergilius
803 1699 906 1752 mater
936 1690 1053 1754 cultrix
1083 1689 1233 1772 Cybelae,
1259 1719 1260 1732 ¹

243 1807 407 1850 nemorum
426 1787 542 1852 cultra
561 1784 697 1852 Latonia
720 1783 813 1866 vz'rgo
838 1784 1012 1860 (Phaedrus
1033 1805 1061 1863 2,
1082 1804 1113 1865 4,
1135 1785 1152 1846 3
1174 1806 1234 1848 sus
1260 1809 1261 1826 ¹

243 1880 382 1946 mineris
411 1881 552 1960 cultata),
587 1880 643 1942 sed
674 1879 804 1942 audacia
833 1880 1003 1942 locutionis
1033 1899 1100 1942 non
1133 1879 1231 1941 illum

244 1976 398 2058 aequavit,
418 1976 473 2038 sed
488 1975 659 2052 Catullum,
674 1972 729 2054 qui
743 1972 819 2036 item
833 1993 953 2038 nomen
966 1995 985 2037 a
997 1973 1145 2056 genetivo
1160 1994 1232 2036 non

243 2071 406 2152 suspendit
424 2071 472 2150 64,
492 2089 549 2148 299
579 2067 664 2132 caela
693 2077 721 2130 te
745 2067 855 2141 solnm,
886 2068 1017 2143 Phoebe,
1047 2067 1235 2150 relinquens

242 2166 470 2246 unigenamque
487 2161 586 2226 snnnl
599 2161 758 2226 alenam
770 2161 924 2226 enantibus
938 2161 1017 2226 Idri.
1031 2198 1070 2210 -
1084 2163 1234 2226 Grattius

243 2279 353 2340 cyneg.
374 2260 412 2338 69
437 2257 593 2339 cultorqm
606 2256 683 2336 feri
712 2255 892 2337 Tirynthia
914 2257 1000 2321 orbis
1030 2258 1078 2337 (cf.
1097 2259 1146 2337 38)
1179 2259 1233 2320 in-

242 2353 362 2436 tellegit
382 2372 457 2416 eunt
477 2351 532 2432 qui
552 2355 664 2415 orbem
685 2353 807 2418 cultum
827 2352 944 2415 fecerit.

321 2447 387 2509 lam
412 2447 452 2510 ad
477 2461 647 2526 patronum
672 2467 706 2510 se
731 2447 885 2510 convertit
904 2468 932 2509 v.
950 2466 989 2526 ²4
1015 2466 1166 2528 eumque,
1193 2463 1233 2508 ut

203 2552 230 2597 25
244 2540 297 2603 alii
327 2541 403 2604 deos
432 2540 567 2622 aspirare
598 2542 687 2622 quasi
712 2557 823 2605 ventos
849 2542 936 2620 velis,
965 2542 1009 2604 sic
1036 2541 1127 2623 quasi
1154 2542 1230 2604 navi

244 2634 338 2698 maris
363 2636 483 2698 undam
507 2635 612 2699 adlabi
636 2637 768 2700 carmini
792 2656 852 2699 suo
877 2636 977 2714 iubet;
1009 2656 1105 2717 quem
1137 2637 1231 2718 quod

203 2749 230 2794 n
243 2731 366 2794 adfatur
386 2739 419 2794 tn
437 2731 491 2794 cni
506 2730 629 2794 neeritt's
647 2731 751 2795 oritate
763 2731 888 2812 fidncia
902 2730 1029 2805 citantis,
1049 2750 1117 2794 non
1132 2733 1235 2794 credo

242 2841 370 2907 poetam
390 2825 503 2904 dicere,
534 2840 669 2907 patrono
693 2845 795 2907 puero
814 2827 1005 2907 scriptorum
1025 2825 1140 2888 merito
1162 2827 1231 2888 iam

241 2923 280 2983 ab
306 2920 374 2984 aliis
398 2919 547 2985 fiduciam
575 2919 698 2998 haberi;
728 2939 825 3001 quam
855 2940 952 2983 unam
979 2920 1232 3002 explicationem

241 3017 354 3080 tradita
383 3017 478 3078 verba
506 3015 686 3078 admittunt.
736 3015 839 3078 orz'ttn
855 3014 980 3095 fidncia
1003 3015 1125 3078 chartis
1151 3016 1235 3097 ipsis

242 3112 359 3174 scilicet
372 3128 452 3191 quae
468 3129 595 3173 carmen
609 3110 773 3192 recipiunt,
782 3111 922 3192 paginae
935 3110 1094 3191 sequentis
1106 3131 1233 3174 versus.

242 3203 358 3267 fiducia
383 3220 489 3268 autem
515 3206 548 3267 in
573 3205 636 3268 hoc
660 3224 767 3267 rerum
793 3224 915 3267 conexu
945 3205 1002 3268 niti
1027 3224 1093 3267 non
1121 3222 1232 3287 potest

242 3299 301 3362 nisi
322 3299 429 3362 favore
449 3300 582 3382 patroni.
623 3299 781 3381 Vergilius
801 3319 908 3381 georg.
930 3301 957 3378 3,
976 3318 1015 3379 42
1036 3309 1064 3362 te
1087 3299 1157 3364 sine
1180 3301 1243 3364 nil

242 3391 341 3456 altum
359 3413 447 3457 niens
465 3394 597 3468 incohat,
617 3394 673 3457 ubi
688 3394 829 3458 Servius:
848 3415 910 3456 nen
929 3413 997 3456 ntea
1016 3393 1150 3476 nigerah,
1171 3397 1243 3459 sed

242 3495 293 3548 tne
303 3487 413 3566 fretus
437 3487 569 3569 imperii
594 3488 642 3552 ad
660 3488 718 3552 aa
741 3508 870 3552 carmen
894 3489 1016 3567 accessi,
1048 3488 1165 3554 Cicero
1185 3492 1234 3554 ad

242 3582 384 3644 Atticum
405 3601 433 3660 7,
454 3599 482 3658 2,
501 3600 522 3660 4
546 3582 578 3644 in
598 3581 638 3646 iis
662 3581 754 3646 libris
772 3603 848 3664 qnos
868 3592 900 3646 tn
924 3583 1082 3648 laudando
1101 3587 1239 3652 anbnos
