2528 4202
429 299 475 344 ΑΙ)
489 291 517 346 V.
533 297 636 344 166—168
983 301 1020 378 59

53 499 101 558 pro
120 499 158 543 eo
179 480 268 562 quod
287 479 437 544 traditum
451 495 497 542 est
509 480 625 561 specus)
646 493 676 542 et
695 478 817 560 insigne
838 479 1020 560 exemplum

53 574 207 655 impeditae
229 575 469 658 compositionis
494 593 718 658 proponerem,
744 573 883 654 intellegi
903 572 1021 636 scilicet

52 670 151 732 voluit:
172 669 299 751 eumque
318 669 421 736 cauda
440 679 472 734 et
488 669 599 732 curules
617 678 649 732 et
659 669 780 751 eugenti
789 666 930 749 pendere
942 667 1024 730 conti

50 763 150 827 haeret
169 764 269 828 humi.
310 765 388 828 Stati
413 765 480 827 silv.
503 783 530 842 2,
556 783 583 838 2,
610 783 647 844 77
672 763 849 845 malignum
873 781 952 825 aera
972 782 1021 824 re-

48 858 140 936 spirat
156 879 225 921 non
245 879 373 941 serpens
391 859 448 921 sed
463 857 580 940 pelago
599 855 784 940 cemmstua
803 856 906 920 Neris.

19 961 20 970 ’
114 954 267 1036 Sequitur
288 973 397 1016 versus
421 954 497 1016 item
521 951 738 1016 vexatissimus
762 952 830 1030 1683
860 949 914 1032 qui
939 969 1074 1032 quaeres

48 1068 111 1110 sana
131 1050 229 1112 habet
254 1048 310 1111 ubi
330 1047 587 1126 intellexerimus,
613 1048 682 1109 leve
707 1047 861 1109 mendum
884 1047 947 1110 leni
971 1067 1021 1109 re·

48 1143 142 1206 medio
168 1143 261 1206 facile
285 1142 475 1205 sanabimus.
515 1141 664 1205 tolhbant
684 1161 786 1204 aurae
809 1143 957 1206 vententrs
979 1140 1026 1204 ad

47 1239 140 1301 omneis
168 1238 266 1301 vestes.
316 1237 341 1299 si
371 1240 543 1300 verborum
574 1238 692 1301 formas
721 1236 897 1318 sequimur,
927 1256 1022 1299 aurae

45 1331 188 1394 tollebant
210 1332 294 1394 visus
314 1332 467 1414 serpentis
488 1333 543 1414 qui
567 1333 713 1396 veniebat
737 1333 777 1395 ad
801 1332 919 1395 omnia.
958 1331 1022 1412 pri-

45 1445 124 1488 mum
155 1443 193 1489 ut
222 1426 372 1490 vementis
401 1426 449 1489 ad
474 1427 581 1490 menete
607 1427 857 1502 consideremus,
889 1428 928 1490 de
958 1428 1021 1489 hoc

44 1520 181 1583 adiectivi
203 1541 263 1583 usu
284 1521 423 1602 Scaliger
442 1522 597 1584 nonnulla
618 1523 719 1585 attulit
739 1522 820 1584 adv.
840 1523 891 1584 182
913 1529 1021 1584 cuncta

39 1616 166 1691 paranti
195 1616 283 1697 quod
314 1615 453 1696 positum
479 1631 525 1678 est
550 1633 585 1679 ut
604 1638 632 1678 v.
658 1618 709 1679 153
736 1627 844 1680 cuncta
863 1617 1020 1696 fremunt,

44 1725 73 1769 ut
95 1711 212 1773 Graeci
238 1710 346 1772 dicunt
376 1710 487 1774 πάντα
510 1723 630 1788 ποιεῖν,
654 1711 757 1774 Latini
780 1712 886 1774 omneis
905 1711 1021 1788 facere

43 1805 72 1878 (e.
91 1825 118 1885 g.
141 1803 261 1867 Catull.
282 1805 329 1883 75,
348 1806 391 1884 4),
422 1803 505 1867 leeeta
529 1806 651 1879 ornnem
680 1805 712 1869 e'n
741 1804 808 1868 eius
836 1803 963 1868 scientia
992 1813 1024 1865 et

42 1899 162 1963 consilto
197 1898 303 1960 omneis
334 1898 398 1961 sete·
422 1899 579 1980 proelium
611 1921 717 1963 omnes
739 1901 820 1980 sore
851 1896 1024 1979 sperabant

41 1993 115 2067 (bell.
136 1991 208 2056 Afr.
234 2013 277 2072 ιο,
296 1995 336 2073 4),
365 1993 464 2057 Venus
489 1995 565 2076 quia
587 1994 672 2058 venit
688 1995 736 2058 ad
756 1993 863 2058 manto
883 1992 961 2071 (Cic.
981 1991 1021 2053 de

40 2102 94 2149 nat.
111 2087 207 2152 deor.
230 2088 257 2165 3,
277 2087 314 2148 62
336 2088 374 2150 cf.
397 2107 424 2167 2,
444 2090 493 2169 69)
518 2089 675 2170 frequenti
699 2110 759 2153 usu
785 2110 851 2171 quo
872 2102 1021 2150 neutrum

39 2182 153 2259 plurale
182 2182 423 2263 comprehendit
449 2185 557 2247 omnia
584 2186 700 2248 scilicet
727 2206 808 2267 quae
834 2185 924 2248 inre
949 2182 1021 2260 sint,

38 2275 163 2339 adrem
184 2276 369 2357 pertineant.
409 2277 453 2340 sic
474 2279 604 2342 Plautus
629 2281 771 2362 loquitur
796 2281 860 2343 fere
888 2299 953 2341 non
973 2278 1021 2340 in-

37 2372 179 2434 tellectus
210 2371 334 2450 (rectius
364 2391 461 2453 quam
492 2374 586 2436 ceteri
611 2375 797 2455 Spengelius
828 2375 867 2437 de
894 2373 1022 2437 canticis

37 2485 63 2545 p.
84 2468 133 2548 89)
157 2466 242 2528 Rud.
264 2467 319 2527 215
346 2466 441 2547 algor
460 2487 557 2530 error
573 2478 689 2549 pavor,
713 2490 764 2532 me
787 2469 893 2533 onmia
913 2476 1019 2531 metet.

36 2561 133 2624 Varro
151 2561 295 2643 Menipp.
308 2563 365 2640 475
386 2561 437 2624 hic
452 2562 534 2625 emin
553 2564 753 2637 emeruerat,
774 2563 857 2626 ritem
873 2561 1022 2626 tacerem

28 2665 164 2734 praetor
170 2655 329 2736 parochos
343 2677 369 2719 e.
381 2678 410 2739 q.
422 2677 459 2733 s.;
481 2657 619 2720 excoluit
633 2677 727 2720 usum
744 2677 781 2720 ex
795 2659 897 2739 poetis
910 2659 1020 2721 Catul-

34 2750 89 2827 lus,
109 2749 204 2813 cuius
218 2751 315 2813 instar
329 2752 504 2815 multorum
517 2753 606 2815 locus
619 2752 658 2814 sit
671 2753 718 2832 64,
738 2752 791 2814 186
804 2752 910 2815 (Μία
923 2761 1019 2824 muta,

34 2846 139 2908 omnia
160 2855 236 2907 stent
250 2845 383 2920 deserta,
403 2857 556 2910 ostentant
572 2848 678 2911 emneie
691 2847 784 2910 letum
805 2846 853 2925 (cl.
865 2845 936 2907 Cul.
952 2846 1018 2923 348)

34 2954 62 3000 et
81 2938 259 3019 Vergilius:
289 2945 369 3004 Aen.
389 2964 417 3023 9,
438 2961 496 3022 ²94
514 2941 627 3022 sponde
646 2941 746 3022 dzgrna
765 2941 826 3004 tuis
845 2938 1020 3020 elegentibus

32 3032 140 3097 mutu
170 3035 295 3115 coeptes,
329 3057 371 3112 ro,
399 3037 464 3115 358,
498 3045 584 3099 stant
612 3036 730 3100 oderim
761 3035 868 3098 mnneiz
900 3042 1020 3103 contra.

35 3130 90 3208 514
110 3128 146 3192 in
172 3126 249 3209 ipsas
272 3129 378 3193 renutu
401 3141 476 3193 stent
492 3130 588 3194 oculis
612 3147 643 3193 et
668 3131 753 3212 apud
773 3132 868 3192 verba
892 3142 1019 3190 motum

32 3222 205 3286 indicantia
238 3243 313 3286 cum
345 3225 579 3307 praepositione
612 3225 645 3303 6,
678 3225 731 3286 565
761 3234 880 3304 perque
912 3221 1018 3284 mnnr'a

32 3318 134 3392 duxit,
155 3338 184 3396 7,
200 3318 256 3396 309
275 3338 356 3398 quae
374 3327 489 3382 memet
504 3319 538 3382 in
549 3319 656 3383 retentu
668 3319 752 3382 verti
769 3333 799 3380 et
812 3318 1019 3398 interpolator

32 3429 123 3475 vetus
144 3432 173 3491 2,
196 3413 252 3491 570
271 3411 375 3475 oculos
386 3424 450 3494 per
469 3421 577 3476 cuncta
586 3412 713 3492 ferenti
735 3412 783 3491 (cf.
806 3413 880 3475 Stat.
901 3412 968 3474 silv.
993 3432 1018 3484 1,

33 3509 59 3586 3,
85 3511 123 3570 52
154 3506 299 3587 verusque
322 3515 384 3587 per
413 3507 519 3570 omnia
547 3507 643 3587 deco).
693 3506 753 3569 alia
783 3522 818 3568 ut
847 3508 903 3570 ecl.
924 3507 952 3586 8,
981 3507 1019 3568 58

32 3599 157 3674 (omnr'ez
187 3601 253 3662 tem
278 3599 416 3664 nucleum
437 3601 505 3682 fiat
532 3609 637 3678 mare)
670 3618 700 3664 et
729 3602 843 3664 similia
873 3602 913 3664 ad
943 3619 1020 3664 eunt
