2370 4072
456 194 561 240 CVLEX

16 365 104 452 alter,
125 376 158 438 in
179 375 351 454 excessum,
371 376 509 438 referens
530 396 548 437 a
568 377 699 438 navibus
719 377 806 457 ignes

13 470 176 552 Argolicis
196 469 352 551 Phrygios
372 485 461 532 torva
481 470 601 532 feritate
623 473 772 552 repulsos.

14 586 36 628 o
57 565 130 647 quis
151 584 218 627 non
238 564 352 626 referat
370 565 440 626 talis
459 563 594 626 divortia
614 566 697 643 belli,

12 680 98 742 quae
119 659 237 721 Troiae
256 659 363 721 videre
382 659 441 721 viri
464 658 634 741 videreque
655 661 739 733 Grai,

13 754 154 817 Teucria
174 774 250 816 cum
270 773 386 835 magno
407 768 548 815 manaret
567 756 719 835 sanguine
740 757 832 817 tellus

13 865 47 911 et
68 848 186 911 Simois
204 846 386 928 Xanthique
406 848 522 928 liquor,
542 849 698 930 Sigeaque
719 866 840 930 praeter

13 945 108 1006 litora
129 964 204 1007 cum
223 944 326 1007 Troas
345 941 430 1004 saevi
450 942 539 1004 ducis
560 944 705 1006 Hectoris
726 945 771 1006 ira

12 1040 157 1102 truderet
176 1040 210 1101 in
230 1039 342 1101 classes
362 1036 489 1098 inimica
510 1054 614 1100 mente
636 1040 790 1119 Pelasgas,

15 1136 148 1196 vulnera
167 1134 229 1196 tela
249 1151 341 1194 neces
362 1131 450 1212 ignes
470 1131 585 1194 inferre
606 1150 738 1212 paratos.

17 1230 83 1310 ipsa
103 1229 190 1309 vagis
209 1247 348 1308 namque
369 1226 424 1288 Ida
443 1242 563 1308 patens,
584 1227 712 1290 feritatis
733 1245 763 1289 et
784 1229 849 1310 ipsa
889 1252 893 1263 ·

21 1325 73 1386 lda
91 1325 175 1386 faces
195 1324 286 1386 altrix
307 1321 437 1403 cupidas
458 1324 628 1403 praebebat
648 1324 793 1400 alumnis,

24 1420 121 1480 omnis
142 1419 230 1481 utin
251 1419 371 1481 cineres
392 1414 528 1477 Rhoetei
548 1417 648 1478 litoris
669 1438 724 1480 ora

28 1514 167 1576 classibus
187 1511 340 1575 ambustis
359 1511 487 1573 flamma
507 1511 689 1574 lacrimante
710 1514 844 1575 daretur.

31 1594 93 1670 hinc
112 1625 178 1671 erat
199 1608 364 1690 oppositus
384 1621 493 1668 contra
513 1604 721 1668 Telamonius
743 1608 835 1669 heros

34 1705 210 1786 obiectoque
230 1704 325 1765 dabat
345 1701 447 1782 clipeo
468 1702 647 1777 certamina,
669 1717 699 1763 et
718 1702 803 1763 illinc

37 1796 140 1861 Hector
159 1814 234 1878 erat,
254 1797 372 1860 Troiae
392 1814 555 1857 summunt
575 1796 680 1873 decus,
701 1816 772 1858 acer
792 1813 932 1879 uterque,

10 1890 206 1955 ·.fiuminibus
226 1893 324 1955 veluti
344 1892 451 1972 fragor
470 1890 600 1951 aedibus
621 1890 653 1951 in
674 1906 730 1956 ser

10 1974 16 2017 ”
38 1986 213 2066 tegminibus
234 1986 368 2067 telisque
388 2004 483 2064 super

10 2081 152 2160 “eriperet
171 2080 304 2158 reditus;
324 2081 401 2141 alter
421 2078 575 2141 Vulcania
596 2078 679 2140 ferro

39 2176 148 2238 vulnera
167 2189 330 2257 protectus
349 2173 505 2254 depellere
526 2173 659 2235 navibus
679 2173 778 2235 instat.

10 2314 13 2329 .
40 2267 83 2330 hos
101 2286 164 2333 erat
184 2269 338 2332 Aeacides
358 2269 448 2330 vultu
468 2267 599 2329 laetatus
620 2269 768 2341 honores,

10 2380 13 2433 ξ
40 2359 259 2446 Dardaniaeque
279 2365 357 2426 alter
377 2363 449 2424 fuso
470 2362 558 2443 quod
578 2362 731 2441 sanguine
753 2367 872 2445 campis

10 2436 15 2517 l
40 2455 178 2524 Hectoreo
199 2460 300 2523 victor
319 2457 461 2520 lustravit
480 2476 613 2537 corpore
634 2456 780 2536 Troiam;

40 2570 125 2617 rursus
145 2557 258 2617 acerba
276 2554 424 2630 fremunt,
445 2552 532 2614 Paris
545 2553 631 2613 hunc
646 2554 734 2631 quod
748 2555 821 2616 letat
835 2572 865 2617 et
879 2556 972 2616 huius
999 2571 1038 2615 225

31 2643 111 2714 duma
129 2649 210 2712 dolis
232 2649 328 2711 lthaci
347 2648 445 2709 virtus
465 2647 553 2727 quod
574 2646 711 2708 concidit
731 2647 799 2710 icta.

41 2736 98 2803 huic
113 2744 192 2824 gerit
212 2762 338 2805 aversos
358 2742 462 2823 proles
483 2740 606 2802 Laertia
626 2741 740 2816 vultus,

42 2837 132 2898 etiam
152 2837 328 2919 Strymonii
349 2836 447 2898 Rhesi
466 2834 631 2917 victorque
652 2836 796 2915 Dolonis,

29 2917 145 2994 ¹Pallade
165 2933 230 2994 iam
249 2932 381 2995 laetatur
401 2949 509 3008 ovans,
529 2949 701 3010 rursusque
721 2932 890 2993 tremescit:

42 3017 88 3085 iun
99 3022 232 3089 Ciconas
250 3027 378 3109 iamque
392 3027 499 3088 horret
517 3040 605 3087 atrox
620 3026 849 3107 Laestrygonas
871 3025 971 3105 [ipse];
998 3045 1037 3088 aso

43 3111 111 3182 illum
130 3123 235 3204 Scylla
255 3141 359 3203 rapax,
381 3121 510 3183 canibus
530 3121 688 3183 succincta
709 3121 864 3197 Molossis,

44 3245 225 3265 *—

29 3373 31 3377 ,
78 3329 110 3374 302
128 3320 247 3366 excissum
307 3330 346 3377 303
367 3319 436 3364 turba
500 3332 539 3377 304
561 3319 599 3364 tali
614 3318 719 3363 devonia
732 3318 798 3362 bellis
849 3319 888 3376 308
910 3318 971 3364 duos

12 3382 155 3440 '‘⁴3⁰tvidiin
185 3387 287 3448 3202212
300 3396 354 3433 nete
368 3387 445 3445 signas
478 3399 517 3445 3¹2
531 3388 607 3446 daque
621 3389 684 3433 faces
724 3387 823 3444 cupidus
863 3388 971 3433 alumnus

10 3468 14 3488 ³
43 3443 153 3523 lllvelutss
192 3469 234 3515 319
246 3470 317 3516 super
325 3457 434 3514 sigeaque
444 3465 536 3514 praeter
574 3469 613 3515 322
626 3457 673 3502 hoc
712 3468 752 3514 324
761 3457 859 3502 hectora
868 3457 972 3502 lustravit

43 3525 337 3583 vtuordecorporetroiam
364 3528 404 3585 326
412 3541 475 3572 arma
502 3539 541 3586 327
550 3539 645 3571 eversos
680 3526 772 3570 laeertia
798 3525 971 3583 3301eatrig0ne
