<?xml version="1.0" encoding="UTF-8"?>
<!DOCTYPE html PUBLIC "-//W3C//DTD XHTML 1.0 Transitional//EN"
    "http://www.w3.org/TR/xhtml1/DTD/xhtml1-transitional.dtd">
<html xmlns="http://www.w3.org/1999/xhtml" xml:lang="en" lang="en">
 <head>
  <title>
</title>
<meta http-equiv="Content-Type" content="text/html;charset=utf-8" />
  <meta name='ocr-system' content='tesseract 3.04.00' />
  <meta name='ocr-capabilities' content='ocr_page ocr_carea ocr_par ocr_line ocrx_word'/>
</head>
<body>
  <div class='ocr_page' id='page_1' title='image "./cvlexcarmenverg00verggoog_0111.png"; bbox 0 0 2528 4202; ppageno 0'>
   <div class='ocr_carea' id='block_1_1' title="bbox 253 299 947 415">
    <p class='ocr_par' dir='ltr' id='par_1_1' title="bbox 253 299 947 415">
     <span class='ocr_line' id='line_1_1' title="bbox 253 299 947 415; baseline -0.014 -33"><span class='ocrx_word' id='word_1_1' title='bbox 253 336 291 415; x_wconf 80' lang='lat'>98</span> <span class='ocrx_word' id='word_1_2' title='bbox 611 328 870 378; x_wconf 80' lang='lat' dir='ltr'>couttnnrantvs</span> <span class='ocrx_word' id='word_1_3' title='bbox 942 299 947 307; x_wconf 81' lang='grc'><strong>’</strong></span> 
     </span>
    </p>
   </div>
   <div class='ocr_carea' id='block_1_2' title="bbox 167 509 1254 3716">
    <p class='ocr_par' dir='ltr' id='par_1_2' title="bbox 167 509 1254 3716">
     <span class='ocr_line' id='line_1_2' title="bbox 252 509 1235 591; baseline -0.005 -14"><span class='ocrx_word' id='word_1_4' title='bbox 252 515 321 577; x_wconf 91' lang='lat' dir='ltr'>suit.</span> <span class='ocrx_word' id='word_1_5' title='bbox 362 514 464 575; x_wconf 92' lang='lat' dir='ltr'>simile</span> <span class='ocrx_word' id='word_1_6' title='bbox 489 510 566 591; x_wconf 92' lang='lat' dir='ltr'>quid</span> <span class='ocrx_word' id='word_1_7' title='bbox 591 511 623 571; x_wconf 93' lang='lat' dir='ltr'>in</span> <span class='ocrx_word' id='word_1_8' title='bbox 649 510 762 573; x_wconf 92' lang='lat' dir='ltr'>eodem</span> <span class='ocrx_word' id='word_1_9' title='bbox 787 529 936 571; x_wconf 88' lang='lat' dir='ltr'>versuum</span> <span class='ocrx_word' id='word_1_10' title='bbox 962 509 1094 573; x_wconf 89' lang='lat' dir='ltr'>circuitu</span> <span class='ocrx_word' id='word_1_11' title='bbox 1120 510 1235 573; x_wconf 93' lang='lat' dir='ltr'>accidit</span> 
     </span>
     <span class='ocr_line' id='line_1_3' title="bbox 167 602 1254 689; baseline -0.003 -21"><span class='ocrx_word' id='word_1_12' title='bbox 167 605 172 616; x_wconf 86' lang='lat'>&#39;</span> <span class='ocrx_word' id='word_1_13' title='bbox 200 621 239 668; x_wconf 74' lang='lat' dir='ltr'>aar</span> <span class='ocrx_word' id='word_1_14' title='bbox 252 631 279 672; x_wconf 89' lang='lat' dir='ltr'>v.</span> <span class='ocrx_word' id='word_1_15' title='bbox 295 610 361 689; x_wconf 78' lang='lat'>334,</span> <span class='ocrx_word' id='word_1_16' title='bbox 383 608 437 671; x_wconf 92' lang='lat' dir='ltr'>ubi</span> <span class='ocrx_word' id='word_1_17' title='bbox 458 605 546 688; x_wconf 94' lang='lat' dir='ltr'>quod</span> <span class='ocrx_word' id='word_1_18' title='bbox 564 605 720 685; x_wconf 89' lang='lat' dir='ltr'>praeclara</span> <span class='ocrx_word' id='word_1_19' title='bbox 737 602 957 666; x_wconf 84' lang='lat' dir='ltr'>emendatione</span> <span class='ocrx_word' id='word_1_20' title='bbox 971 604 1163 667; x_wconf 86' lang='lat' dir='ltr'>Ribbeckius</span> <span class='ocrx_word' id='word_1_21' title='bbox 1183 626 1254 666; x_wconf 44' lang='lat' dir='ltr'>res</span> 
     </span>
     <span class='ocr_line' id='line_1_4' title="bbox 251 698 1237 784; baseline -0.005 -18"><span class='ocrx_word' id='word_1_22' title='bbox 251 703 350 766; x_wconf 89' lang='lat' dir='ltr'>stituit</span> <span class='ocrx_word' id='word_1_23' title='bbox 368 721 562 784; x_wconf 80' lang='lat' dir='ltr'>generamen</span> <span class='ocrx_word' id='word_1_24' title='bbox 581 698 694 781; x_wconf 82' lang='lat' dir='ltr'>prolis,</span> <span class='ocrx_word' id='word_1_25' title='bbox 724 698 768 761; x_wconf 88' lang='lat' dir='ltr'>sic</span> <span class='ocrx_word' id='word_1_26' title='bbox 798 698 936 760; x_wconf 90' lang='lat' dir='ltr'>reddunt</span> <span class='ocrx_word' id='word_1_27' title='bbox 966 699 1105 761; x_wconf 89' lang='lat' dir='ltr'>codices:</span> <span class='ocrx_word' id='word_1_28' title='bbox 1129 719 1237 780; x_wconf 81' lang='lat' dir='ltr'>gener</span> 
     </span>
     <span class='ocr_line' id='line_1_5' title="bbox 252 792 1237 880; baseline -0.007 -18"><span class='ocrx_word' id='word_1_29' title='bbox 252 798 404 880; x_wconf 84' lang='lat' dir='ltr'>amplisi.</span> <span class='ocrx_word' id='word_1_30' title='bbox 419 817 445 858; x_wconf 89' lang='lat' dir='ltr'>e.</span> <span class='ocrx_word' id='word_1_31' title='bbox 454 795 613 878; x_wconf 69' lang='lat' dir='ltr'>generari?</span> <span class='ocrx_word' id='word_1_32' title='bbox 620 792 687 875; x_wconf 72' lang='lat' dir='ltr'>plis</span> <span class='ocrx_word' id='word_1_33' title='bbox 707 794 744 871; x_wconf 83' lang='lat' dir='ltr'>(V.</span> <span class='ocrx_word' id='word_1_34' title='bbox 756 812 850 875; x_wconf 86' lang='lat' dir='ltr'>supra</span> <span class='ocrx_word' id='word_1_35' title='bbox 859 813 889 873; x_wconf 90' lang='lat' dir='ltr'>p.</span> <span class='ocrx_word' id='word_1_36' title='bbox 901 813 952 872; x_wconf 81' lang='lat'>203</span> <span class='ocrx_word' id='word_1_37' title='bbox 973 793 1237 856; x_wconf 88' lang='lat' dir='ltr'>Hildebrandtius</span> 
     </span>
     <span class='ocr_line' id='line_1_6' title="bbox 253 887 1237 975; baseline -0.004 -21"><span class='ocrx_word' id='word_1_38' title='bbox 253 914 282 975; x_wconf 90' lang='lat' dir='ltr'>p.</span> <span class='ocrx_word' id='word_1_39' title='bbox 296 895 355 972; x_wconf 73' lang='lat'>41),</span> <span class='ocrx_word' id='word_1_40' title='bbox 386 892 558 953; x_wconf 87' lang='lat' dir='ltr'>Vossianus</span> <span class='ocrx_word' id='word_1_41' title='bbox 588 888 644 950; x_wconf 93' lang='lat' dir='ltr'>sic:</span> <span class='ocrx_word' id='word_1_42' title='bbox 670 907 864 969; x_wconf 81' lang='lat' dir='ltr'>generamen</span> <span class='ocrx_word' id='word_1_43' title='bbox 887 887 1012 968; x_wconf 84' lang='lat' dir='ltr'>probis,</span> <span class='ocrx_word' id='word_1_44' title='bbox 1042 907 1108 949; x_wconf 93' lang='lat' dir='ltr'>non</span> <span class='ocrx_word' id='word_1_45' title='bbox 1139 904 1237 968; x_wconf 83' lang='lat' dir='ltr'>recte,</span> 
     </span>
     <span class='ocr_line' id='line_1_7' title="bbox 253 980 1254 1066; baseline -0.004 -17"><span class='ocrx_word' id='word_1_46' title='bbox 253 1007 327 1049; x_wconf 92' lang='lat' dir='ltr'>sane</span> <span class='ocrx_word' id='word_1_47' title='bbox 348 1006 414 1048; x_wconf 92' lang='lat' dir='ltr'>non</span> <span class='ocrx_word' id='word_1_48' title='bbox 434 983 629 1064; x_wconf 85' lang='lat' dir='ltr'>interpolate.</span> <span class='ocrx_word' id='word_1_49' title='bbox 667 980 782 1043; x_wconf 91' lang='lat' dir='ltr'>eodem</span> <span class='ocrx_word' id='word_1_50' title='bbox 802 982 983 1044; x_wconf 88' lang='lat' dir='ltr'>referendae</span> <span class='ocrx_word' id='word_1_51' title='bbox 1004 997 1077 1044; x_wconf 95' lang='lat' dir='ltr'>sunt</span> <span class='ocrx_word' id='word_1_52' title='bbox 1100 981 1178 1044; x_wconf 90' lang='lat' dir='ltr'>aliae</span> <span class='ocrx_word' id='word_1_53' title='bbox 1201 983 1254 1066; x_wconf 93' lang='lat' dir='ltr'>in</span> 
     </span>
     <span class='ocr_line' id='line_1_8' title="bbox 254 1073 1254 1162; baseline -0.005 -18"><span class='ocrx_word' id='word_1_54' title='bbox 254 1083 313 1143; x_wconf 84' lang='lat' dir='ltr'>hac</span> <span class='ocrx_word' id='word_1_55' title='bbox 325 1073 420 1162; x_wconf 88' lang='lat' dir='ltr'>parte</span> <span class='ocrx_word' id='word_1_56' title='bbox 444 1078 615 1160; x_wconf 83' lang='lat' dir='ltr'>scripturae</span> <span class='ocrx_word' id='word_1_57' title='bbox 634 1075 818 1138; x_wconf 81' lang='lat' dir='ltr'>emendatae</span> <span class='ocrx_word' id='word_1_58' title='bbox 838 1078 888 1139; x_wconf 88' lang='lat' dir='ltr'>vel</span> <span class='ocrx_word' id='word_1_59' title='bbox 905 1078 1062 1140; x_wconf 91' lang='lat' dir='ltr'>Bembino</span> <span class='ocrx_word' id='word_1_60' title='bbox 1084 1079 1254 1140; x_wconf 67' lang='lat' dir='ltr'>emenda-¹</span> 
     </span>
     <span class='ocr_line' id='line_1_9' title="bbox 254 1172 1238 1254; baseline -0.002 -17"><span class='ocrx_word' id='word_1_61' title='bbox 254 1176 358 1254; x_wconf 81' lang='lat' dir='ltr'>tiores,</span> <span class='ocrx_word' id='word_1_62' title='bbox 389 1174 421 1236; x_wconf 94' lang='lat' dir='ltr'>in</span> <span class='ocrx_word' id='word_1_63' title='bbox 447 1174 562 1254; x_wconf 89' lang='lat' dir='ltr'>quibus</span> <span class='ocrx_word' id='word_1_64' title='bbox 589 1191 663 1233; x_wconf 93' lang='lat' dir='ltr'>sane</span> <span class='ocrx_word' id='word_1_65' title='bbox 688 1186 760 1232; x_wconf 89' lang='lat' dir='ltr'>sunt</span> <span class='ocrx_word' id='word_1_66' title='bbox 791 1191 871 1252; x_wconf 90' lang='lat' dir='ltr'>quae</span> <span class='ocrx_word' id='word_1_67' title='bbox 902 1172 1082 1234; x_wconf 89' lang='lat' dir='ltr'>coniectura</span> <span class='ocrx_word' id='word_1_68' title='bbox 1111 1174 1238 1254; x_wconf 90' lang='lat' dir='ltr'>possint</span> 
     </span>
     <span class='ocr_line' id='line_1_10' title="bbox 254 1265 1237 1348; baseline -0.001 -17"><span class='ocrx_word' id='word_1_69' title='bbox 254 1285 344 1331; x_wconf 90' lang='lat' dir='ltr'>natae</span> <span class='ocrx_word' id='word_1_70' title='bbox 365 1289 446 1346; x_wconf 75' lang='lat' dir='ltr'>esse3</span> <span class='ocrx_word' id='word_1_71' title='bbox 466 1268 537 1330; x_wconf 91' lang='lat' dir='ltr'>vide</span> <span class='ocrx_word' id='word_1_72' title='bbox 557 1288 586 1328; x_wconf 87' lang='lat' dir='ltr'>v.</span> <span class='ocrx_word' id='word_1_73' title='bbox 602 1267 657 1329; x_wconf 85' lang='lat'>312</span> <span class='ocrx_word' id='word_1_74' title='bbox 677 1265 732 1328; x_wconf 80' lang='lat' dir='ltr'>ida</span> <span class='ocrx_word' id='word_1_75' title='bbox 753 1267 810 1329; x_wconf 91' lang='lat'>330</span> <span class='ocrx_word' id='word_1_76' title='bbox 829 1266 893 1347; x_wconf 85' lang='lat' dir='ltr'>ipse</span> <span class='ocrx_word' id='word_1_77' title='bbox 914 1267 970 1346; x_wconf 90' lang='lat'>340</span> <span class='ocrx_word' id='word_1_78' title='bbox 989 1266 1156 1348; x_wconf 68' lang='lat' dir='ltr'>quaquam</span> <span class='ocrx_word' id='word_1_79' title='bbox 1178 1269 1237 1347; x_wconf 88' lang='lat'>343</span> 
     </span>
     <span class='ocr_line' id='line_1_11' title="bbox 254 1360 1254 1444; baseline -0.001 -19"><span class='ocrx_word' id='word_1_80' title='bbox 254 1382 357 1444; x_wconf 82' lang='lat' dir='ltr'>argoa</span> <span class='ocrx_word' id='word_1_81' title='bbox 375 1371 483 1442; x_wconf 82' lang='lat' dir='ltr'>petens</span> <span class='ocrx_word' id='word_1_82' title='bbox 509 1363 564 1424; x_wconf 87' lang='grc'>355</span> <span class='ocrx_word' id='word_1_83' title='bbox 585 1380 721 1442; x_wconf 79' lang='lat' dir='ltr'>egeaque</span> <span class='ocrx_word' id='word_1_84' title='bbox 746 1361 801 1422; x_wconf 84' lang='lat'>362</span> <span class='ocrx_word' id='word_1_85' title='bbox 822 1360 979 1424; x_wconf 73' lang='lat' dir='ltr'>morimra</span> <span class='ocrx_word' id='word_1_86' title='bbox 1000 1362 1057 1429; x_wconf 89' lang='lat'>370</span> <span class='ocrx_word' id='word_1_87' title='bbox 1076 1361 1254 1444; x_wconf 74' lang='lat' dir='ltr'>scipiadas</span> 
     </span>
     <span class='ocr_line' id='line_1_12' title="bbox 256 1454 1254 1538; baseline 0.002 -19"><span class='ocrx_word' id='word_1_88' title='bbox 256 1458 312 1537; x_wconf 84' lang='lat'>378</span> <span class='ocrx_word' id='word_1_89' title='bbox 332 1455 414 1518; x_wconf 82' lang='lat' dir='ltr'>mali</span> <span class='ocrx_word' id='word_1_90' title='bbox 429 1477 484 1520; x_wconf 81' lang='lat' dir='ltr'>nec</span> <span class='ocrx_word' id='word_1_91' title='bbox 505 1458 560 1537; x_wconf 86' lang='lat'>399</span> <span class='ocrx_word' id='word_1_92' title='bbox 576 1454 760 1537; x_wconf 74' lang='lat' dir='ltr'>pudibunda</span> <span class='ocrx_word' id='word_1_93' title='bbox 783 1470 813 1517; x_wconf 90' lang='lat' dir='ltr'>et</span> <span class='ocrx_word' id='word_1_94' title='bbox 833 1455 858 1516; x_wconf 95' lang='lat' dir='ltr'>si</span> <span class='ocrx_word' id='word_1_95' title='bbox 879 1476 959 1537; x_wconf 87' lang='lat' dir='ltr'>quae</span> <span class='ocrx_word' id='word_1_96' title='bbox 980 1471 1141 1538; x_wconf 88' lang='lat' dir='ltr'>praeterea</span> <span class='ocrx_word' id='word_1_97' title='bbox 1162 1473 1254 1522; x_wconf 58' lang='lat' dir='ltr'>sunt}</span> 
     </span>
     <span class='ocr_line' id='line_1_13' title="bbox 255 1548 1254 1632; baseline 0 -19"><span class='ocrx_word' id='word_1_98' title='bbox 255 1549 503 1632; x_wconf 83' lang='lat' dir='ltr'>interpolationis</span> <span class='ocrx_word' id='word_1_99' title='bbox 523 1548 773 1630; x_wconf 90' lang='lat' dir='ltr'>suspicioni-non</span> <span class='ocrx_word' id='word_1_100' title='bbox 787 1550 934 1613; x_wconf 88' lang='lat' dir='ltr'>obnoxia.</span> <span class='ocrx_word' id='word_1_101' title='bbox 969 1551 1047 1632; x_wconf 92' lang='lat' dir='ltr'>quid</span> <span class='ocrx_word' id='word_1_102' title='bbox 1061 1550 1158 1631; x_wconf 87' lang='lat' dir='ltr'>igitur</span> <span class='ocrx_word' id='word_1_103' title='bbox 1172 1555 1241 1613; x_wconf 91' lang='lat' dir='ltr'>est?</span> <span class='ocrx_word' id='word_1_104' title='bbox 1253 1559 1254 1620; x_wconf 77' lang='lat' dir='ltr'>l</span> 
     </span>
     <span class='ocr_line' id='line_1_14' title="bbox 255 1633 1254 1725; baseline 0 -16"><span class='ocrx_word' id='word_1_105' title='bbox 255 1643 454 1709; x_wconf 86' lang='lat' dir='ltr'>habemusne&#39;</span> <span class='ocrx_word' id='word_1_106' title='bbox 470 1643 587 1707; x_wconf 88' lang='lat' dir='ltr'>librum</span> <span class='ocrx_word' id='word_1_107' title='bbox 608 1644 727 1725; x_wconf 89' lang='lat' dir='ltr'>optima</span> <span class='ocrx_word' id='word_1_108' title='bbox 752 1644 846 1725; x_wconf 88' lang='lat' dir='ltr'>stirpe</span> <span class='ocrx_word' id='word_1_109' title='bbox 871 1644 1043 1706; x_wconf 90' lang='lat' dir='ltr'>oriundum</span> <span class='ocrx_word' id='word_1_110' title='bbox 1063 1645 1118 1707; x_wconf 89' lang='lat' dir='ltr'>sed</span> <span class='ocrx_word' id='word_1_111' title='bbox 1141 1633 1254 1724; x_wconf 49' lang='lat' dir='ltr'>foede]</span> 
     </span>
     <span class='ocr_line' id='line_1_15' title="bbox 254 1738 1254 1823; baseline -0.002 -19"><span class='ocrx_word' id='word_1_112' title='bbox 254 1742 490 1823; x_wconf 76' lang='lat' dir='ltr'>interpolatum,</span> <span class='ocrx_word' id='word_1_113' title='bbox 511 1739 566 1820; x_wconf 91' lang='lat' dir='ltr'>qui</span> <span class='ocrx_word' id='word_1_114' title='bbox 583 1741 693 1819; x_wconf 83' lang='lat' dir='ltr'>‘genus</span> <span class='ocrx_word' id='word_1_115' title='bbox 707 1738 836 1819; x_wconf 89' lang='lat' dir='ltr'>ingenio</span> <span class='ocrx_word' id='word_1_116' title='bbox 849 1739 1032 1819; x_wconf 83' lang='lat' dir='ltr'>improbet&#39;?</span> <span class='ocrx_word' id='word_1_117' title='bbox 1052 1739 1084 1801; x_wconf 94' lang='lat' dir='ltr'>id</span> <span class='ocrx_word' id='word_1_118' title='bbox 1104 1740 1130 1801; x_wconf 90' lang='lat' dir='ltr'>si</span> <span class='ocrx_word' id='word_1_119' title='bbox 1144 1757 1254 1820; x_wconf 48' lang='lat' dir='ltr'>esset,¹</span> 
     </span>
     <span class='ocr_line' id='line_1_16' title="bbox 255 1831 1254 1920; baseline -0.001 -23"><span class='ocrx_word' id='word_1_120' title='bbox 255 1838 376 1898; x_wconf 89' lang='lat' dir='ltr'>malum</span> <span class='ocrx_word' id='word_1_121' title='bbox 405 1834 523 1896; x_wconf 88' lang='lat' dir='ltr'>factum</span> <span class='ocrx_word' id='word_1_122' title='bbox 553 1848 633 1895; x_wconf 91' lang='lat' dir='ltr'>esset</span> <span class='ocrx_word' id='word_1_123' title='bbox 663 1834 751 1914; x_wconf 94' lang='lat' dir='ltr'>quod</span> <span class='ocrx_word' id='word_1_124' title='bbox 781 1853 938 1914; x_wconf 89' lang='lat' dir='ltr'>nusquam</span> <span class='ocrx_word' id='word_1_125' title='bbox 970 1833 1033 1895; x_wconf 86' lang='lat' dir='ltr'>fere</span> <span class='ocrx_word' id='word_1_126' title='bbox 1064 1835 1132 1896; x_wconf 92' lang='lat' dir='ltr'>eius</span> <span class='ocrx_word' id='word_1_127' title='bbox 1161 1831 1254 1920; x_wconf 49' lang='lat' dir='ltr'>libri}</span> 
     </span>
     <span class='ocr_line' id='line_1_17' title="bbox 256 1928 1254 2010; baseline -0.002 -17"><span class='ocrx_word' id='word_1_128' title='bbox 256 1928 613 1994; x_wconf 77' lang='lat' dir='ltr'>rationem&#39;habuimus.</span> <span class='ocrx_word' id='word_1_129' title='bbox 658 1928 713 1990; x_wconf 88' lang='lat' dir='ltr'>sed</span> <span class='ocrx_word' id='word_1_130' title='bbox 739 1948 806 1990; x_wconf 92' lang='lat' dir='ltr'>non</span> <span class='ocrx_word' id='word_1_131' title='bbox 831 1928 1030 2009; x_wconf 90' lang='lat' dir='ltr'>deliquimus.</span> <span class='ocrx_word' id='word_1_132' title='bbox 1074 1949 1254 2010; x_wconf 89' lang='lat' dir='ltr'>nusquam</span> 
     </span>
     <span class='ocr_line' id='line_1_18' title="bbox 256 2022 1254 2112; baseline -0.002 -25"><span class='ocrx_word' id='word_1_133' title='bbox 256 2025 342 2088; x_wconf 90' lang='lat' dir='ltr'>enim</span> <span class='ocrx_word' id='word_1_134' title='bbox 362 2025 421 2087; x_wconf 92' lang='lat' dir='ltr'>nisi</span> <span class='ocrx_word' id='word_1_135' title='bbox 441 2023 522 2086; x_wconf 89' lang='lat' dir='ltr'>circa</span> <span class='ocrx_word' id='word_1_136' title='bbox 543 2023 601 2085; x_wconf 93' lang='lat' dir='ltr'>hos</span> <span class='ocrx_word' id='word_1_137' title='bbox 621 2022 706 2104; x_wconf 86' lang='lat' dir='ltr'>ipsos</span> <span class='ocrx_word' id='word_1_138' title='bbox 727 2042 808 2104; x_wconf 93' lang='lat' dir='ltr'>quos</span> <span class='ocrx_word' id='word_1_139' title='bbox 828 2038 996 2085; x_wconf 90' lang='lat' dir='ltr'>tractamus</span> <span class='ocrx_word' id='word_1_140' title='bbox 1015 2042 1124 2084; x_wconf 83' lang='lat' dir='ltr'>versus</span> <span class='ocrx_word' id='word_1_141' title='bbox 1145 2024 1254 2112; x_wconf 67' lang='lat' dir='ltr'>quic-j</span> 
     </span>
     <span class='ocr_line' id='line_1_19' title="bbox 256 2117 1254 2201; baseline -0.001 -20"><span class='ocrx_word' id='word_1_142' title='bbox 256 2139 352 2200; x_wconf 91' lang='lat' dir='ltr'>quam</span> <span class='ocrx_word' id='word_1_143' title='bbox 373 2117 447 2180; x_wconf 92' lang='lat' dir='ltr'>boni</span> <span class='ocrx_word' id='word_1_144' title='bbox 467 2118 500 2178; x_wconf 94' lang='lat' dir='ltr'>in</span> <span class='ocrx_word' id='word_1_145' title='bbox 522 2117 657 2179; x_wconf 92' lang='lat' dir='ltr'>lectione</span> <span class='ocrx_word' id='word_1_146' title='bbox 677 2117 834 2181; x_wconf 88' lang='lat' dir='ltr'>Vossiano</span> <span class='ocrx_word' id='word_1_147' title='bbox 860 2118 987 2201; x_wconf 90' lang='lat' dir='ltr'>propria</span> <span class='ocrx_word' id='word_1_148' title='bbox 1010 2117 1105 2195; x_wconf 87' lang='lat' dir='ltr'>inest;&#39;</span> <span class='ocrx_word' id='word_1_149' title='bbox 1129 2123 1254 2199; x_wconf 67' lang='lat' dir='ltr'>neque³</span> 
     </span>
     <span class='ocr_line' id='line_1_20' title="bbox 257 2201 1254 2292; baseline -0.001 -17"><span class='ocrx_word' id='word_1_150' title='bbox 257 2214 321 2275; x_wconf 90' lang='lat' dir='ltr'>ulla</span> <span class='ocrx_word' id='word_1_151' title='bbox 341 2213 433 2274; x_wconf 89' lang='lat' dir='ltr'>datur</span> <span class='ocrx_word' id='word_1_152' title='bbox 445 2211 635 2292; x_wconf 88' lang='lat' dir='ltr'>quaestionis</span> <span class='ocrx_word' id='word_1_153' title='bbox 650 2213 765 2275; x_wconf 91' lang='lat' dir='ltr'>solutio</span> <span class='ocrx_word' id='word_1_154' title='bbox 778 2212 837 2274; x_wconf 89' lang='lat' dir='ltr'>nisi</span> <span class='ocrx_word' id='word_1_155' title='bbox 850 2213 942 2274; x_wconf 91' lang='lat' dir='ltr'>haec:</span> <span class='ocrx_word' id='word_1_156' title='bbox 962 2212 1048 2273; x_wconf 83' lang='lat' dir='ltr'>venit</span> <span class='ocrx_word' id='word_1_157' title='bbox 1062 2201 1254 2280; x_wconf 32' lang='lat' dir='ltr'>Vossianusss</span> 
     </span>
     <span class='ocr_line' id='line_1_21' title="bbox 258 2306 1247 2389; baseline -0.002 -19"><span class='ocrx_word' id='word_1_158' title='bbox 258 2327 295 2370; x_wconf 85' lang='lat' dir='ltr'>ex</span> <span class='ocrx_word' id='word_1_159' title='bbox 316 2306 430 2368; x_wconf 90' lang='lat' dir='ltr'>eodem</span> <span class='ocrx_word' id='word_1_160' title='bbox 451 2306 532 2369; x_wconf 91' lang='lat' dir='ltr'>libro</span> <span class='ocrx_word' id='word_1_161' title='bbox 558 2327 595 2368; x_wconf 86' lang='lat' dir='ltr'>ex</span> <span class='ocrx_word' id='word_1_162' title='bbox 621 2327 686 2389; x_wconf 92' lang='lat' dir='ltr'>quo</span> <span class='ocrx_word' id='word_1_163' title='bbox 706 2307 879 2370; x_wconf 92' lang='lat' dir='ltr'>Bembinus</span> <span class='ocrx_word' id='word_1_164' title='bbox 906 2321 936 2368; x_wconf 89' lang='lat' dir='ltr'>et</span> <span class='ocrx_word' id='word_1_165' title='bbox 960 2306 1074 2387; x_wconf 89' lang='lat' dir='ltr'>reliqui</span> <span class='ocrx_word' id='word_1_166' title='bbox 1093 2306 1161 2367; x_wconf 92' lang='lat' dir='ltr'>sine</span> <span class='ocrx_word' id='word_1_167' title='bbox 1185 2327 1247 2368; x_wconf 87' lang='lat' dir='ltr'>ex-</span> 
     </span>
     <span class='ocr_line' id='line_1_22' title="bbox 257 2400 1254 2483; baseline -0.001 -19"><span class='ocrx_word' id='word_1_168' title='bbox 257 2402 401 2482; x_wconf 88' lang='lat' dir='ltr'>ceptione</span> <span class='ocrx_word' id='word_1_169' title='bbox 428 2421 539 2464; x_wconf 90' lang='lat' dir='ltr'>omnes</span> <span class='ocrx_word' id='word_1_170' title='bbox 564 2416 595 2464; x_wconf 90' lang='lat' dir='ltr'>et</span> <span class='ocrx_word' id='word_1_171' title='bbox 619 2403 733 2483; x_wconf 88' lang='lat' dir='ltr'>integri</span> <span class='ocrx_word' id='word_1_172' title='bbox 757 2418 796 2481; x_wconf 79' lang='lat' dir='ltr'>et,</span> <span class='ocrx_word' id='word_1_173' title='bbox 821 2416 856 2462; x_wconf 90' lang='lat' dir='ltr'>ut</span> <span class='ocrx_word' id='word_1_174' title='bbox 879 2400 931 2462; x_wconf 90' lang='lat' dir='ltr'>ille</span> <span class='ocrx_word' id='word_1_175' title='bbox 958 2416 1016 2478; x_wconf 90' lang='lat' dir='ltr'>est,</span> <span class='ocrx_word' id='word_1_176' title='bbox 1041 2400 1254 2483; x_wconf 60' lang='lat' dir='ltr'>interpolatip</span> 
     </span>
     <span class='ocr_line' id='line_1_23' title="bbox 257 2494 1254 2578; baseline 0 -22"><span class='ocrx_word' id='word_1_177' title='bbox 257 2495 311 2557; x_wconf 90' lang='lat' dir='ltr'>sed</span> <span class='ocrx_word' id='word_1_178' title='bbox 341 2495 374 2557; x_wconf 94' lang='lat' dir='ltr'>in</span> <span class='ocrx_word' id='word_1_179' title='bbox 396 2495 540 2558; x_wconf 89' lang='lat' dir='ltr'>Vossiani</span> <span class='ocrx_word' id='word_1_180' title='bbox 570 2497 741 2578; x_wconf 84' lang='lat' dir='ltr'>exemplari</span> <span class='ocrx_word' id='word_1_181' title='bbox 767 2496 879 2578; x_wconf 92' lang='lat' dir='ltr'>aliquis</span> <span class='ocrx_word' id='word_1_182' title='bbox 905 2494 944 2556; x_wconf 89' lang='lat' dir='ltr'>ad</span> <span class='ocrx_word' id='word_1_183' title='bbox 965 2495 1068 2557; x_wconf 90' lang='lat' dir='ltr'>ultimi</span> <span class='ocrx_word' id='word_1_184' title='bbox 1090 2497 1254 2559; x_wconf 76' lang='lat' dir='ltr'>carminisl</span> 
     </span>
     <span class='ocr_line' id='line_1_24' title="bbox 257 2589 1254 2672; baseline 0 -22"><span class='ocrx_word' id='word_1_185' title='bbox 257 2609 374 2671; x_wconf 92' lang='lat' dir='ltr'>paucos</span> <span class='ocrx_word' id='word_1_186' title='bbox 399 2608 506 2650; x_wconf 89' lang='lat' dir='ltr'>versus</span> <span class='ocrx_word' id='word_1_187' title='bbox 522 2589 649 2672; x_wconf 37' lang='lat' dir='ltr'>&#39;variam</span> <span class='ocrx_word' id='word_1_188' title='bbox 676 2592 845 2654; x_wconf 89' lang='lat' dir='ltr'>lectionem</span> <span class='ocrx_word' id='word_1_189' title='bbox 870 2590 1031 2652; x_wconf 90' lang='lat' dir='ltr'>adnotavit</span> <span class='ocrx_word' id='word_1_190' title='bbox 1057 2611 1096 2652; x_wconf 89' lang='lat' dir='ltr'>ex</span> <span class='ocrx_word' id='word_1_191' title='bbox 1121 2591 1254 2654; x_wconf 75' lang='lat' dir='ltr'>codicist</span> 
     </span>
     <span class='ocr_line' id='line_1_25' title="bbox 208 2683 1254 2766; baseline 0.006 -24"><span class='ocrx_word' id='word_1_192' title='bbox 208 2726 212 2742; x_wconf 85' lang='lat'>.</span> <span class='ocrx_word' id='word_1_193' title='bbox 257 2683 370 2746; x_wconf 87' lang='lat' dir='ltr'>vetusti</span> <span class='ocrx_word' id='word_1_194' title='bbox 390 2684 582 2764; x_wconf 82' lang='lat' dir='ltr'>fragmento;</span> <span class='ocrx_word' id='word_1_195' title='bbox 603 2685 658 2766; x_wconf 91' lang='lat' dir='ltr'>qui</span> <span class='ocrx_word' id='word_1_196' title='bbox 678 2685 778 2748; x_wconf 81' lang='lat' dir='ltr'>codex</span> <span class='ocrx_word' id='word_1_197' title='bbox 792 2685 934 2746; x_wconf 91' lang='lat' dir='ltr'>eiusdem</span> <span class='ocrx_word' id='word_1_198' title='bbox 947 2684 1051 2764; x_wconf 89' lang='lat' dir='ltr'>stirpis</span> <span class='ocrx_word' id='word_1_199' title='bbox 1067 2701 1135 2748; x_wconf 89' lang='lat' dir='ltr'>erat</span> <span class='ocrx_word' id='word_1_200' title='bbox 1148 2687 1254 2762; x_wconf 61' lang='lat' dir='ltr'>cuius}</span> 
     </span>
     <span class='ocr_line' id='line_1_26' title="bbox 258 2775 1254 2860; baseline 0.001 -18"><span class='ocrx_word' id='word_1_201' title='bbox 258 2777 440 2856; x_wconf 86' lang='lat' dir='ltr'>Bembinus,</span> <span class='ocrx_word' id='word_1_202' title='bbox 467 2793 503 2840; x_wconf 93' lang='lat' dir='ltr'>ut</span> <span class='ocrx_word' id='word_1_203' title='bbox 527 2779 695 2842; x_wconf 88' lang='lat' dir='ltr'>ostendunt</span> <span class='ocrx_word' id='word_1_204' title='bbox 725 2780 758 2842; x_wconf 95' lang='lat' dir='ltr'>hi</span> <span class='ocrx_word' id='word_1_205' title='bbox 784 2779 842 2859; x_wconf 89' lang='lat' dir='ltr'>ipsi</span> <span class='ocrx_word' id='word_1_206' title='bbox 867 2798 974 2841; x_wconf 91' lang='lat' dir='ltr'>versus</span> <span class='ocrx_word' id='word_1_207' title='bbox 996 2779 1061 2842; x_wconf 89' lang='lat'>318.</span> <span class='ocrx_word' id='word_1_208' title='bbox 1085 2781 1151 2860; x_wconf 83' lang='lat'>319,</span> <span class='ocrx_word' id='word_1_209' title='bbox 1184 2775 1254 2860; x_wconf 64' lang='lat' dir='ltr'>sed}</span> 
     </span>
     <span class='ocr_line' id='line_1_27' title="bbox 259 2871 1254 2956; baseline 0.002 -22"><span class='ocrx_word' id='word_1_210' title='bbox 259 2871 414 2954; x_wconf 89' lang='lat' dir='ltr'>quaedam</span> <span class='ocrx_word' id='word_1_211' title='bbox 441 2888 476 2935; x_wconf 90' lang='lat' dir='ltr'>ut</span> <span class='ocrx_word' id='word_1_212' title='bbox 499 2873 535 2935; x_wconf 87' lang='lat' dir='ltr'>fit</span> <span class='ocrx_word' id='word_1_213' title='bbox 558 2873 727 2956; x_wconf 83' lang='lat' dir='ltr'>integriora</span> <span class='ocrx_word' id='word_1_214' title='bbox 752 2890 895 2936; x_wconf 87' lang='lat' dir='ltr'>servarat.</span> <span class='ocrx_word' id='word_1_215' title='bbox 946 2874 1063 2937; x_wconf 91' lang='lat' dir='ltr'>etenim</span> <span class='ocrx_word' id='word_1_216' title='bbox 1094 2876 1254 2956; x_wconf 71' lang='lat' dir='ltr'>quamvis</span> 
     </span>
     <span class='ocr_line' id='line_1_28' title="bbox 209 2968 1254 3051; baseline 0.011 -28"><span class='ocrx_word' id='word_1_217' title='bbox 209 3011 213 3023; x_wconf 73' lang='grc'>,</span> <span class='ocrx_word' id='word_1_218' title='bbox 258 2968 379 3048; x_wconf 85' lang='lat' dir='ltr'>integra</span> <span class='ocrx_word' id='word_1_219' title='bbox 405 2982 545 3029; x_wconf 88' lang='lat' dir='ltr'>ceterum</span> <span class='ocrx_word' id='word_1_220' title='bbox 569 2968 608 3030; x_wconf 87' lang='lat' dir='ltr'>sit</span> <span class='ocrx_word' id='word_1_221' title='bbox 622 2968 778 3030; x_wconf 89' lang='lat' dir='ltr'>Bembini</span> <span class='ocrx_word' id='word_1_222' title='bbox 801 2968 904 3048; x_wconf 84' lang='lat' dir='ltr'>lectio,</span> <span class='ocrx_word' id='word_1_223' title='bbox 929 2989 956 3030; x_wconf 89' lang='lat' dir='ltr'>v.</span> <span class='ocrx_word' id='word_1_224' title='bbox 973 2970 1028 3031; x_wconf 84' lang='lat'>332</span> <span class='ocrx_word' id='word_1_225' title='bbox 1050 2985 1254 3051; x_wconf 87' lang='lat' dir='ltr'>corruptum</span> 
     </span>
     <span class='ocr_line' id='line_1_29' title="bbox 258 3061 1254 3145; baseline 0.003 -21"><span class='ocrx_word' id='word_1_226' title='bbox 258 3061 391 3125; x_wconf 79' lang='lat' dir='ltr'>ranolea</span> <span class='ocrx_word' id='word_1_227' title='bbox 405 3083 442 3124; x_wconf 86' lang='lat' dir='ltr'>ex</span> <span class='ocrx_word' id='word_1_228' title='bbox 457 3063 637 3126; x_wconf 84' lang='lat' dir='ltr'>conie&#39;ctura</span> <span class='ocrx_word' id='word_1_229' title='bbox 651 3075 808 3127; x_wconf 86' lang='lat' dir='ltr'>mutatum</span> <span class='ocrx_word' id='word_1_230' title='bbox 821 3083 888 3126; x_wconf 87' lang='lat' dir='ltr'>esse</span> <span class='ocrx_word' id='word_1_231' title='bbox 908 3063 939 3124; x_wconf 93' lang='lat' dir='ltr'>in</span> <span class='ocrx_word' id='word_1_232' title='bbox 953 3064 1119 3126; x_wconf 73' lang='lat' dir='ltr'>mtuenda</span> <span class='ocrx_word' id='word_1_233' title='bbox 1132 3063 1254 3145; x_wconf 87' lang='lat' dir='ltr'>negari</span> 
     </span>
     <span class='ocr_line' id='line_1_30' title="bbox 260 3149 1254 3238; baseline 0.004 -20"><span class='ocrx_word' id='word_1_234' title='bbox 260 3177 326 3220; x_wconf 92' lang='lat' dir='ltr'>non</span> <span class='ocrx_word' id='word_1_235' title='bbox 348 3172 459 3238; x_wconf 90' lang='lat' dir='ltr'>potest.</span> <span class='ocrx_word' id='word_1_236' title='bbox 499 3159 561 3220; x_wconf 93' lang='lat' dir='ltr'>hoc</span> <span class='ocrx_word' id='word_1_237' title='bbox 587 3157 613 3218; x_wconf 92' lang='lat' dir='ltr'>si</span> <span class='ocrx_word' id='word_1_238' title='bbox 637 3157 680 3220; x_wconf 89' lang='lat' dir='ltr'>ita</span> <span class='ocrx_word' id='word_1_239' title='bbox 706 3173 760 3235; x_wconf 79' lang='lat' dir='ltr'>est,</span> <span class='ocrx_word' id='word_1_240' title='bbox 785 3179 813 3219; x_wconf 91' lang='lat' dir='ltr'>v.</span> <span class='ocrx_word' id='word_1_241' title='bbox 836 3158 901 3235; x_wconf 87' lang='lat'>318,</span> <span class='ocrx_word' id='word_1_242' title='bbox 923 3158 977 3219; x_wconf 91' lang='lat' dir='ltr'>ubi</span> <span class='ocrx_word' id='word_1_243' title='bbox 997 3158 1145 3222; x_wconf 90' lang='lat' dir='ltr'>Vossiani</span> <span class='ocrx_word' id='word_1_244' title='bbox 1166 3149 1254 3222; x_wconf 51' lang='lat' dir='ltr'>scri]</span> 
     </span>
     <span class='ocr_line' id='line_1_31' title="bbox 259 3247 1254 3340; baseline 0.003 -26"><span class='ocrx_word' id='word_1_245' title='bbox 259 3267 351 3332; x_wconf 91' lang='lat' dir='ltr'>ptura</span> <span class='ocrx_word' id='word_1_246' title='bbox 375 3262 423 3316; x_wconf 87' lang='lat' dir='ltr'>est</span> <span class='ocrx_word' id='word_1_247' title='bbox 444 3273 465 3315; x_wconf 91' lang='lat' dir='ltr'>a</span> <span class='ocrx_word' id='word_1_248' title='bbox 491 3250 615 3315; x_wconf 76' lang='lat' dir='ltr'>turbine</span> <span class='ocrx_word' id='word_1_249' title='bbox 639 3252 705 3315; x_wconf 74' lang='lat' dir='ltr'>nire</span> <span class='ocrx_word' id='word_1_250' title='bbox 729 3251 979 3334; x_wconf 88' lang='lat' dir='ltr'>interpolationis</span> <span class='ocrx_word' id='word_1_251' title='bbox 1008 3254 1148 3334; x_wconf 87' lang='lat' dir='ltr'>speciem</span> <span class='ocrx_word' id='word_1_252' title='bbox 1176 3247 1254 3340; x_wconf 69' lang='lat' dir='ltr'>nori</span> 
     </span>
     <span class='ocr_line' id='line_1_32' title="bbox 259 3345 1254 3428; baseline 0.007 -22"><span class='ocrx_word' id='word_1_253' title='bbox 259 3349 387 3426; x_wconf 81' lang='lat' dir='ltr'>praebet</span> <span class='ocrx_word' id='word_1_254' title='bbox 415 3362 445 3409; x_wconf 90' lang='lat' dir='ltr'>et</span> <span class='ocrx_word' id='word_1_255' title='bbox 469 3365 491 3408; x_wconf 85' lang='lat' dir='ltr'>a</span> <span class='ocrx_word' id='word_1_256' title='bbox 515 3345 639 3410; x_wconf 73' lang='lat' dir='ltr'>turbz&#39;ne</span> <span class='ocrx_word' id='word_1_257' title='bbox 662 3366 681 3408; x_wconf 90' lang='lat' dir='ltr'>a</span> <span class='ocrx_word' id='word_1_258' title='bbox 706 3366 798 3408; x_wconf 92' lang='lat' dir='ltr'>sensu</span> <span class='ocrx_word' id='word_1_259' title='bbox 821 3346 885 3409; x_wconf 93' lang='lat' dir='ltr'>loci</span> <span class='ocrx_word' id='word_1_260' title='bbox 909 3366 975 3409; x_wconf 94' lang='lat' dir='ltr'>non</span> <span class='ocrx_word' id='word_1_261' title='bbox 1000 3348 1161 3428; x_wconf 87' lang='lat' dir='ltr'>abhorret,</span> <span class='ocrx_word' id='word_1_262' title='bbox 1187 3345 1254 3414; x_wconf 89' lang='lat' dir='ltr'>sed</span> 
     </span>
     <span class='ocr_line' id='line_1_33' title="bbox 259 3437 1254 3532; baseline 0.005 -30"><span class='ocrx_word' id='word_1_263' title='bbox 259 3437 477 3503; x_wconf 77' lang='lat' dir='ltr'>cumuedibus</span> <span class='ocrx_word' id='word_1_264' title='bbox 487 3441 634 3505; x_wconf 87' lang='lat' dir='ltr'>Bembini</span> <span class='ocrx_word' id='word_1_265' title='bbox 644 3440 703 3502; x_wconf 91' lang='lat' dir='ltr'>nisi</span> <span class='ocrx_word' id='word_1_266' title='bbox 711 3441 864 3504; x_wconf 87' lang='lat' dir='ltr'>violenter</span> <span class='ocrx_word' id='word_1_267' title='bbox 878 3443 1037 3505; x_wconf 87' lang='lat' dir='ltr'>conciliari</span> <span class='ocrx_word' id='word_1_268' title='bbox 1048 3465 1116 3507; x_wconf 93' lang='lat' dir='ltr'>non</span> <span class='ocrx_word' id='word_1_269' title='bbox 1129 3453 1254 3532; x_wconf 69' lang='lat' dir='ltr'>potesq‘</span> 
     </span>
     <span class='ocr_line' id='line_1_34' title="bbox 260 3533 1254 3621; baseline 0.01 -29"><span class='ocrx_word' id='word_1_270' title='bbox 260 3533 352 3593; x_wconf 90' lang='lat' dir='ltr'>nimis</span> <span class='ocrx_word' id='word_1_271' title='bbox 379 3533 499 3596; x_wconf 88' lang='lat' dir='ltr'>incer-to</span> <span class='ocrx_word' id='word_1_272' title='bbox 523 3535 633 3598; x_wconf 90' lang='lat' dir='ltr'>nititur</span> <span class='ocrx_word' id='word_1_273' title='bbox 658 3536 865 3600; x_wconf 88' lang='lat' dir='ltr'>fundamento</span> <span class='ocrx_word' id='word_1_274' title='bbox 890 3538 986 3619; x_wconf 91' lang='lat' dir='ltr'>siquis</span> <span class='ocrx_word' id='word_1_275' title='bbox 1013 3539 1053 3600; x_wconf 91' lang='lat' dir='ltr'>ad</span> <span class='ocrx_word' id='word_1_276' title='bbox 1077 3539 1254 3621; x_wconf 83' lang='lat' dir='ltr'>pristinam</span> 
     </span>
     <span class='ocr_line' id='line_1_35' title="bbox 260 3626 1254 3716; baseline 0.011 -31"><span class='ocrx_word' id='word_1_277' title='bbox 260 3626 446 3706; x_wconf 88' lang='lat' dir='ltr'>scripturam</span> <span class='ocrx_word' id='word_1_278' title='bbox 466 3628 565 3708; x_wconf 92' lang='lat' dir='ltr'>ipsam</span> <span class='ocrx_word' id='word_1_279' title='bbox 587 3629 661 3691; x_wconf 89' lang='lat' dir='ltr'>eniti</span> <span class='ocrx_word' id='word_1_280' title='bbox 681 3631 792 3694; x_wconf 92' lang='lat' dir='ltr'>studet.</span> <span class='ocrx_word' id='word_1_281' title='bbox 833 3632 888 3694; x_wconf 91' lang='lat' dir='ltr'>sed</span> <span class='ocrx_word' id='word_1_282' title='bbox 910 3653 949 3694; x_wconf 92' lang='lat' dir='ltr'>ne</span> <span class='ocrx_word' id='word_1_283' title='bbox 964 3633 1034 3714; x_wconf 91' lang='lat' dir='ltr'>quis</span> <span class='ocrx_word' id='word_1_284' title='bbox 1048 3649 1140 3713; x_wconf 89' lang='lat' dir='ltr'>putet</span> <span class='ocrx_word' id='word_1_285' title='bbox 1153 3636 1254 3716; x_wconf 61' lang='lat' dir='ltr'>quiea?</span> 
     </span>
    </p>
   </div>
   <div class='ocr_carea' id='block_1_3' title="bbox 0 0 1279 4202">
    <p class='ocr_par' dir='ltr' id='par_1_3' title="bbox 0 0 1279 4202">
     <span class='ocr_line' id='line_1_36' title="bbox 0 0 1279 4202; baseline 0 0"><span class='ocrx_word' id='word_1_286' title='bbox 0 0 1279 4202; x_wconf 95' lang='lat' dir='ltr'> </span> 
     </span>
    </p>
   </div>
  </div>
 </body>
</html>
