2370 4072
152 292 191 370 48
509 284 768 332 COMMENTARIVS

154 470 242 550 quasi
267 468 368 548 abripi
394 488 425 529 se
451 487 557 547 passus
584 467 788 530 describenda
813 467 907 529 silvae
934 467 1122 544 amoenitate,

154 584 226 628 cum
241 567 369 643 Agauae
391 562 568 624 bacchantis
583 562 759 624 horrendae
774 562 903 642 imagini
918 563 1122 643 nympharum

156 679 229 723 cum
249 657 358 738 satyris
378 657 558 719 saltantium
572 656 672 718 Diana
689 657 879 737 inspectante
899 671 1027 736 gratum
1047 675 1123 737 spec-

154 755 294 818 taculum
324 770 489 832 0pp0nens
519 753 656 830 (-1aa)
689 751 886 813 domicilium
916 751 1049 813 dearum
1078 751 1124 813 de-

155 850 283 931 pingere
317 846 448 908 instituit
481 861 511 907 et
545 862 615 926 post
649 847 800 925 explicata
834 848 985 907 arborum
1019 866 1124 927 genera

154 945 202 1021 (-
222 943 283 1020 145)
305 942 345 1002 ad
366 941 470 1022 ipsum
484 960 579 1021 quem
594 941 786 1003 indicaturus
800 955 864 1001 erat
878 941 1013 1020 pastoris
1026 941 1122 1002 locum

154 1051 311 1100 revertens
331 1056 412 1113 aves,
433 1035 553 1097 fontem
575 1036 750 1115 rivumque,
777 1056 866 1097 ranas
887 1050 917 1096 et
938 1035 1059 1096 cicadas
1077 1033 1123 1094 ad

154 1131 256 1212 iungit
286 1130 392 1211 ibique
423 1131 556 1212 capellas
587 1130 650 1191 leni
680 1146 774 1193 vento
805 1145 957 1192 recreatas
981 1130 1123 1191 accubare

155 1226 298 1289 ostendit.
339 1224 493 1306 apodosin
518 1225 544 1285 si
572 1224 703 1304 quaeris,
725 1241 806 1287 extat
826 1247 853 1286 v.
874 1227 940 1302 157:
959 1232 1079 1303 pastor,
1096 1226 1125 1282 ret

155 1321 202 1384 ad
213 1321 336 1400 fontem
362 1320 458 1382 densa
483 1320 636 1400 requievit
659 1320 691 1382 in
715 1320 840 1397 umbra,
869 1319 974 1380 mitem
1004 1314 1125 1396 correept'l

150 1416 306 1497 protectus
330 1413 473 1476 membra
497 1424 647 1494 soporem,
679 1415 828 1476 nimirum
859 1415 960 1494 ipsam
990 1409 1121 1492 prodosis

157 1511 292 1572 formam
317 1508 553 1590 grammaticam
578 1509 698 1589 repetit,
723 1509 830 1571 addito
857 1523 962 1568 tamen
989 1507 1073 1568 fonte
1091 1522 1120 1566 er

158 1605 366 1685 descriptione
387 1604 449 1665 loci
470 1604 557 1683 (148),
585 1619 615 1665 et
641 1603 704 1664 iam
729 1623 797 1665 rem
823 1603 922 1682 ipsam
947 1616 1059 1677 narrat,
1078 1619 1122 1680 pa-

157 1716 274 1762 storem
300 1718 415 1762 somno
439 1719 472 1760 se
497 1698 620 1760 dedisse
641 1699 689 1776 (cf.
711 1699 757 1778 69.
778 1699 836 1777 93),
864 1695 953 1776 quod
974 1696 1063 1776 quasi
1079 1713 1123 1756 co-

157 1812 262 1858 actum
283 1815 357 1856 eum
374 1794 482 1855 fecisse
502 1794 564 1855 loci
585 1809 695 1855 natura
709 1794 772 1855 iam
789 1791 1010 1872 intellegimus.
1050 1790 1129 1875 litem?

158 1892 221 1953 fere
242 1889 454 1951 Buechelerus
479 1908 508 1968 p.
525 1889 590 1964 328,
615 1888 705 1950 cuius
732 1889 797 1968 ipsa
824 1889 918 1948 verba
945 1905 1062 1966 quaeso
1085 1878 1129 1951 inl

153 1986 273 2066 spicias‚
298 2002 328 2045 et
349 1998 419 2045 ante
441 2002 500 2044 nos
521 1982 647 2044 Ellisius
668 1983 687 2044 l.
709 2004 731 2043 s.
754 2002 783 2062 p.
804 1984 879 2060 274.)
927 1980 1038 2041 similis
1062 1975 1121 2039 artis

154 2096 184 2141 et
209 2079 357 2140 audaciae
383 2078 535 2158 exempla,
561 2097 601 2139 ne
625 2077 752 2157 longius
778 2093 958 2154 evagemur,
978 2071 1121 2154 Vergilius

153 2176 280 2254 praebet
301 2192 407 2253 georg.
427 2190 456 2249 4,
477 2172 632 2233 251-266
663 2187 693 2232 et
723 2169 864 2249 inprimis
885 2190 913 2230 v.
929 2170 968 2247 67
988 2190 1033 2249 sq.
1076 2160 1119 2227 ubi

153 2267 367 2348 Philargyrius
387 2265 532 2327 ordinem
553 2267 683 2347 quidem
706 2285 771 2326 non
792 2279 873 2325 recte
899 2259 1117 2333 demonstrarit,

154 2363 209 2425 sed
230 2362 405 2424 orationem
431 2361 606 2440 parenthesi
630 2363 786 2423 turbatam
813 2379 879 2420 esse
907 2373 990 2420 recte
1017 2353 1117 2419 docuit.

104 2478 142 2521 tos
154 2473 260 2538 pastor
295 2457 388 2536 igitur
421 2471 587 2535 postquam
624 2474 752 2535 gregem
787 2456 818 2514 in
853 2455 967 2514 umbra
999 2451 1117 2514 residere

154 2552 232 2612 vidit
263 2553 346 2628 (cum
376 2550 525 2611 adverbio
550 2549 667 2631 procul
687 2547 843 2628 Georgius
873 2547 972 2609 Thilo
1002 2541 1118 2609 contulit

154 2645 240 2707 Serv.
268 2645 308 2706 ad
338 2648 416 2706 Aen.
437 2644 464 2718 6,
491 2665 523 2706 ιο
554 2660 584 2705 et
613 2645 669 2706 ecl.
690 2645 717 2719 6,
745 2644 776 2704 16
805 2651 892 2705 serta
918 2641 1038 2722 procul,
1065 2649 1116 2701 tort

154 2750 219 2802 trem
250 2739 345 2820 capiti
368 2738 509 2818 delapsa,
539 2738 693 2812 tacebant,
724 2738 761 2799 cf.
794 2759 822 2799 v.
842 2740 894 2816 154
923 2739 1033 2819 circa),
1065 2737 1115 2816 ipse

154 2834 333 2915 requiescit;
365 2853 532 2895 monemur
558 2833 669 2894 Horati
697 2833 788 2912 epod.
810 2852 837 2909 2,
868 2854 896 2893 11
933 2843 991 2895 aut
1023 2833 1054 2895 in
1080 2844 1115 2890 re·

155 2930 246 2994 ducta
270 2929 353 2992 valle
377 2927 581 3007 mugientium
600 2938 779 3008 prospectat
794 2928 935 2991 errantis
959 2947 1076 3010 greges
1094 2932 1120 2984 et·

154 3025 272 3105 Vergili
294 3024 348 3086 ecl.
375 3044 398 3095 1,
419 3024 454 3100 75
481 3042 541 3084 non
560 3041 617 3101 ego
637 3041 691 3083 vos
710 3021 842 3100 posthac
864 3022 966 3086 virzili
977 3023 1117 3105 proaem

155 3119 187 3180 in
206 3129 298 3181 antro
318 3118 449 3180 durnosa
469 3116 605 3197 peredere
625 3116 743 3196 procul
758 3116 795 3178 de
815 3127 892 3197 rupe
910 3117 1029 3191 videbo,
1053 3126 1117 3198 quot

155 3213 241 3274 locos
263 3214 313 3273 hic
332 3213 424 3292 posui
439 3231 503 3291 quo
519 3211 657 3273 tenacius
672 3213 804 3272 verbum
826 3213 950 3291 aspexit
967 3224 1119 3276 teneretur·

155 3326 227 3371 nam
247 3307 334 3386 quod
354 3326 418 3368 non
434 3305 612 3384 frequenter
632 3325 706 3366 cum
727 3307 904 3368 accusativo
929 3325 959 3369 et
980 3284 1129 3370 infinitivo!

156 3400 365 3480 coniungitur,
396 3415 523 3481 poetam
550 3420 641 3480 saepe
668 3401 935 3479 deprehendimus
960 3423 978 3464 a
1003 3403 1125 3465 cultiore

155 3494 305 3573 temporis
329 3514 475 3555 sermone
502 3493 727 3556 deflectentem.
769 3511 862 3575 atque
889 3516 970 3576 quae
992 3513 1129 3558 constru⁴

156 3587 267 3648 ctionis
282 3589 424 3667 exempla
438 3588 547 3649 afferre
561 3607 699 3667 possum,
721 3604 774 3649 aut
794 3589 834 3650 ad
848 3606 1003 3652 vetustam
1024 3592 1129 3673 poesin
