2370 4072
413 219 458 264 AD
472 218 499 265 V.
515 230 614 276 ¹94·²0¹
968 219 1006 297 69

13 416 119 481 -atque
146 399 228 461 hanc
253 399 385 480 pastoris
411 399 605 461 notationem
627 399 691 461 iam
716 398 893 461 continuari
913 414 1006 479 atque

21 493 166 576 suppleri
186 494 344 555 videmus:
369 494 425 575 qui
449 493 584 575 impiger
603 493 733 574 quidem
753 494 808 556 sed
829 509 916 555 metu
937 513 1007 555 cor·

22 605 133 671 reptus
159 589 295 670 impiger
318 589 428 664 fuerat,
454 604 593 650 mentem
619 608 658 650 eo
684 588 789 650 minus
814 588 1006 668 implicatam

23 683 196 747 formidine
210 683 355 756 habebat,
375 683 544 764 quoderat
554 703 580 744 e.
595 703 624 763 q.
639 704 662 744 s.
683 702 737 745 nec
749 683 844 763 prius
857 683 1008 763 aspiciens

21 779 122 842 timor
140 787 360 842 occaecaverat
375 787 473 840 artus.
515 777 686 839 identidem
705 778 745 840 ad
758 777 913 839 librorum
933 778 1008 839 scri·

23 889 152 954 pturam
174 872 392 952 explicandam
413 873 494 934 hanc
507 872 590 934 viam
604 871 763 952 temptavi,
784 887 818 933 ut
837 870 1011 953 quoderat

22 967 138 1031 tardus
168 966 273 1030 somni
299 966 462 1049 languore,
496 987 535 1030 eo
566 976 682 1029 remoto
711 967 755 1029 sic
785 966 850 1031 fere
880 983 1007 1048 poetam

23 1063 141 1124 dixisse
174 1064 342 1143 probarem
370 1078 404 1124 ut
434 1063 553 1125 Seneca
580 1063 700 1124 Phoen.
724 1081 763 1141 47
800 1061 879 1143 quid
904 1063 1008 1144 segnis

22 1158 121 1219 traho
145 1157 232 1238 quod
250 1157 331 1231 otico,
360 1157 478 1219 scilicet
502 1156 534 1218 id
560 1157 647 1237 quod
671 1156 705 1218 in
730 1176 781 1218 me
805 1171 898 1219 restat
918 1157 1007 1219 vitae.

22 1267 121 1333 atque
142 1252 345 1333 perspicuum
366 1252 496 1332 quidem
512 1270 693 1314 sermonem
714 1271 780 1314 non
802 1269 888 1315 curat
908 1268 1008 1333 poeta,

24 1363 166 1409 metrum
186 1362 256 1427 apte
269 1362 424 1410 structum
438 1366 631 1427 magnopere
645 1361 741 1425 curat,
762 1367 827 1427 quo
841 1367 907 1410 non
921 1368 1009 1410 com·

26 1442 197 1504 mendatur
219 1441 277 1505 ista
302 1443 467 1523 explicatio
494 1444 641 1506 molestas
666 1442 698 1504 in
718 1463 811 1505 versu
837 1443 1008 1505 sententiae

25 1536 196 1598 incisiones
216 1536 368 1614 efficiens3
399 1557 457 1600 nec
477 1559 553 1600 vero
578 1538 637 1618 ipsi
662 1538 833 1600 sententiae
854 1539 1008 1600 satisfacit.

27 1631 175 1692 timuerat
198 1645 312 1710 pastor,
342 1631 405 1693 cito
431 1631 597 1712 refugerat,
629 1631 743 1693 deinde
769 1631 1008 1711 impugnaverat

30 1726 174 1802 bestiam;
205 1725 268 1787 iam
296 1725 385 1788 oanni
411 1725 564 1806 languore
592 1735 710 1788 remoto
740 1741 770 1787 et
800 1727 888 1806 quod
914 1725 1010 1794 timor

30 1821 151 1882 subitus
175 1840 212 1882 ac
236 1837 479 1883 momentaneus
503 1821 613 1899 fuerat,
645 1820 739 1882 etiam
769 1820 879 1882 timere
910 1820 1008 1882 desiit.

32 1916 168 1994 primum
193 1915 287 1996 igitur
306 1915 411 1978 somni
433 1936 499 1979 non
524 1932 634 1997 aptum
659 1932 704 1978 est
728 1916 779 1977 vel
803 1935 869 1977 non
889 1915 1010 1996 aptissi-

35 2028 128 2088 mum,
153 2024 288 2091 praestat
307 2009 401 2084 oanni,
428 2030 501 2072 nam
527 2010 648 2091 primus
668 2011 804 2090 languor
824 2010 888 2072 iam
907 2031 936 2072 v.
957 2030 1011 2090 190

32 2119 222 2182 removetur;
263 2104 377 2167 deinde
417 2105 611 2167 desideratur
648 2104 854 2182 fortitudinis,
891 2105 1010 2166 strenui

33 2196 162 2279 durique
183 2199 282 2260 animi
300 2200 496 2281 significatio,
517 2219 583 2280 quo
602 2200 709 2262 animo
724 2200 842 2262 factum
862 2198 901 2260 sit
922 2214 956 2260 ut
977 2199 1009 2260 in

33 2289 93 2371 ipsa
117 2313 227 2374 pugna
248 2294 397 2357 timorem
423 2292 611 2375 depbbuerit.
662 2294 734 2357 licet
760 2314 826 2356 non
850 2293 1009 2357 lenissima

32 2386 66 2448 sit
78 2388 223 2466 mutatio,
242 2388 395 2470 aptiorem
416 2389 548 2451 inveniri
567 2389 823 2452 emendationem
836 2408 903 2451 non
917 2407 1009 2469 posse

33 2483 92 2545 scio
113 2484 207 2560 (certe
227 2483 417 2546 adiectivum
438 2483 581 2545 eiusdem
596 2504 704 2546 sensus
719 2485 843 2546 nullum
857 2499 921 2545 tam
935 2503 1010 2564 pro-

35 2575 173 2641 babiliter
191 2578 405 2655 substituatur)
432 2598 529 2658 quam
554 2593 589 2639 ut
612 2579 765 2641 scribatur
788 2588 820 2641 et
839 2578 1013 2660 quoderat

33 2672 136 2747 virtus,
162 2673 250 2735 omni
265 2672 419 2753 languore
444 2682 569 2735 remota.
610 2673 775 2735 audiamus
795 2674 1009 2735 Columellam

34 2765 71 2828 sic
90 2768 130 2830 de
152 2768 344 2849 capellarum
365 2766 514 2847 magistro
535 2767 780 2848 praecipientem
800 2788 827 2846 7,
848 2768 876 2845 6,
891 2788 923 2847 9:
943 2787 1008 2828 ma·

30 2861 126 2938 guter
147 2871 252 2924 autem
264 2862 391 2944 pecoris
410 2881 493 2934 acer,
514 2861 623 2935 durus,
642 2871 795 2934 strctmus,
815 2860 934 2924 laboris
950 2870 1009 2941 pa·

36 2953 236 3030 tantosimus,
263 2957 371 3020 alacer
389 2967 481 3038 atquc
500 2956 610 3018 audax
629 2976 695 3019 esse
714 2955 807 3029 debet,
833 2965 865 3018 ct
881 2954 938 3036 qui
947 2965 1010 3035 per

38 3059 131 3130 rupes,
147 3060 212 3132 per
230 3051 417 3124 schiudc'ncs,
436 3061 498 3133 per
516 3061 627 3131 vepres
640 3049 742 3129 facile
760 3048 860 3111 vadat
877 3069 903 3111 e.
925 3069 954 3129 q.
976 3071 1009 3126 s.‚

37 3143 75 3206 cf:
91 3145 239 3208 Varronis
260 3147 299 3208 de
320 3166 344 3207 r.
365 3166 389 3208 r.
411 3165 438 3224 2,
463 3166 505 3207 10.
532 3180 571 3190 —
597 3144 636 3206 de
657 3143 854 3224 pronominis
874 3163 933 3204 usu
955 3144 1009 3225 qui
1022 3162 1061 3206 201

38 3255 76 3301 est
94 3240 128 3302 in
147 3261 176 3300 v.
198 3260 254 3302 201
277 3241 350 3311 satis
371 3239 538 3321 disputavit
558 3239 705 3300 Naekius.

107 3338 173 3398 latn
194 3334 310 3397 omissa
331 3334 503 3397 curiosiore
517 3334 666 3415 pastionis
681 3330 884 3408 enarratione,
905 3330 957 3393 cui
977 3351 1009 3392 re

41 3431 128 3511 magis
149 3429 350 3493 memorabili
374 3429 522 3491 incohata
547 3449 605 3491 nec
625 3442 736 3510 poetae
762 3427 885 3488 animus
906 3446 1009 3507 neque

41 3541 120 3589 aures
144 3525 342 3590 audientium
366 3538 485 3602 vacant,
516 3538 608 3587 nocte
639 3522 825 3584 adventante
855 3535 1010 3601 pastorem

1034 3722 1116 3776 J
