2370 4072
463 173 508 218 AD
523 173 550 221 V.
572 172 675 232 139-156
1023 176 1057 236 55

75 355 245 432 libuerim,
257 353 409 434 quoniam
421 355 551 436 copulae
563 353 767 416 omissionem
778 353 968 434 excerptoris
983 373 1060 416 con-

75 449 181 511 ilium
203 447 375 529 flagitabat3
396 448 545 530 querulas
564 468 592 510 v.
612 452 660 511 151
684 449 750 510 sine
765 448 946 511 necessitate
960 448 1057 529 vulgo
1072 472 1112 520 tat

76 544 231 622 cribitur‚
246 544 283 606 cf.
295 544 335 606 ad
346 564 374 606 v.
386 545 447 606 131.
478 563 627 606 versuum
638 559 745 605 autem
756 543 902 606 ordinem
912 543 1013 624 qualis
1026 543 1060 605 in

75 638 229 720 :xcerptis
250 638 496 721 deprehenditur
516 659 582 701 non
597 657 768 718 sequemur
788 637 985 699 uisitatione
1006 659 1060 701 co-

75 748 179 815 gente,
201 733 373 795 testimonii
393 734 466 796 loco
480 734 572 795 illum
585 752 651 795 non
668 733 864 796 habebimus.
905 733 1061 795 ordinavit

76 828 172 910 gitur
198 828 356 910 Hauptius
385 829 561 890 secundum
592 843 737 910 excerpta
766 848 874 890 versus
900 829 1138 909 146-149,1rou.

75 943 139 1004 qua
160 922 282 984 ratione
302 938 374 1004 post
393 926 522 986 arbores
543 924 614 986 fons
635 923 829 1002 describitur,
854 923 968 987 deinde
988 943 1061 985 aves

74 1037 171 1079 ranae
192 1019 273 1080 echo
294 1018 428 1098 cicadae,
453 1033 528 1099 apto
555 1018 676 1094 ordine,
702 1018 758 1099 qui
778 1019 995 1081 commendari
1015 1020 1061 1082 vi-

79 1113 190 1174 deatur
214 1114 316 1175 verbis
341 1114 392 1176 lus
413 1112 600 1176 suberat-
619 1113 715 1186 unda,
744 1114 910 1176 arboribus
934 1115 1060 1178 scilicet.

84 1207 134 1268 sed
153 1223 266 1288 poetae
287 1209 454 1271 consilium
475 1208 507 1270 in
529 1229 568 1271 eo
589 1209 826 1290 deprehendere
840 1210 919 1271 mihi
939 1210 1059 1289 videor,

88 1302 166 1380 quod
190 1303 355 1365 arboribus
381 1304 486 1366 statim
510 1304 599 1386 quasi
624 1304 760 1366 accessio
781 1325 853 1367 aves
878 1307 1059 1385 adhaerent,

92 1395 190 1459 deinde
221 1418 302 1478 aqua
332 1415 527 1461 memoratur
561 1401 680 1480 (neque
715 1402 888 1464 obscurum
919 1417 964 1463 est
995 1421 1060 1482 quo

92 1507 193 1571 spectet
212 1492 263 1555 lus
282 1510 352 1574 post
372 1493 512 1557 volucres
531 1494 651 1575 pamla'r
672 1494 841 1557 residentes
861 1494 990 1573 ramat),
1020 1495 1060 1557 ad

94 1603 174 1664 quam
194 1608 288 1650 ranae
308 1590 464 1670 pertinent
484 1589 595 1652 nantia
618 1589 693 1652 limo
712 1600 846 1670 corpora
871 1589 956 1668 (item
976 1589 1060 1650 Bue-

94 1680 221 1744 chelerus
246 1703 276 1764 p.
295 1684 372 1762 328),
402 1700 437 1746 ut
462 1705 570 1746 rursus
595 1685 741 1766 strepitus
765 1704 916 1746 somnum
942 1685 1060 1747 scilicet

92 1772 237 1839 invitantis
256 1779 347 1854 (Hor.
370 1779 462 1860 epod.
484 1799 511 1858 2,
532 1780 580 1858 28)
607 1780 769 1842 mentione
795 1779 908 1841 iniecta
929 1780 1008 1840 echo
1029 1793 1061 1840 et

91 1870 201 1934 cicadae
222 1873 385 1934 addantur.
407 1909 446 1919 -
473 1895 500 1936 v.
527 1894 581 1954 ¹49
607 1875 773 1954 quomodo
797 1883 869 1937 orta
894 1873 1060 1954 expediam
1073 1887 1112 1933 tra

88 1982 144 2028 non
162 1967 276 2045 habeo,
296 1969 470 2048 probabilis
491 1985 536 2031 est
555 1970 588 2032 in
602 1970 759 2032 Vossiano
779 1969 959 2031 emendatio
973 1977 1060 2040 acta;

88 2059 236 2142 &aarum
256 2062 414 2144 Hauptius
435 2064 621 2136 emendavit,
648 2064 732 2126 idem
756 2065 789 2126 in
810 2063 1060 2144 Cantabrigiensi

82 2157 227 2239 scriptum
251 2157 365 2238 primo,
398 2157 528 2221 fortasse
556 2160 695 2222 fortuito·
746 2169 817 2221 orta
847 2175 877 2222 et
906 2158 1060 2240 liquorem

82 2268 148 2314 cum
168 2252 258 2314 libris
285 2253 378 2314 etiam
400 2269 545 2334 excerpta
566 2256 725 2335 praebent.
766 2254 888 2316 levibus
908 2253 1003 2334 igitur
1022 2251 1059 2313 li-

80 2365 214 2426 quorum
235 2347 309 2408 rivis
330 2363 397 2410 acta
418 2348 504 2410 unda
524 2349 684 2429 placidum
704 2363 803 2410 sonat.
849 2347 978 2430 pluralis
999 2367 1058 2409 nu·
1106 2366 1108 2370 ·

79 2458 181 2504 merus
212 2441 293 2504 rabir
322 2443 374 2505 hic
404 2444 525 2505 nemini
550 2443 781 2507 dubitationem
812 2444 921 2516 movit,
951 2443 1058 2504 multis

75 2531 158 2599 idem
179 2537 213 2599 in
232 2537 354 2599 Tibulli
374 2558 467 2600 versu
493 2560 515 2618 1,
541 2561 564 2617 1,
586 2558 623 2617 ²7
649 2537 707 2600 sub
726 2537 842 2601 umbra
866 2536 994 2599 arboris
1013 2535 1061 2598 ad

75 2630 161 2694 riom
184 2633 418 2713 praetereuntes
446 2654 556 2714 aquae.
611 2633 763 2695 nimirum
793 2633 985 2695 vocabulum
1017 2631 1056 2692 ad

75 2741 174 2789 certae
188 2727 233 2788 rei
254 2727 500 2809 appellationem
515 2748 574 2790 usu
590 2729 779 2810 perductum
793 2727 907 2809 plurali
921 2745 1056 2787 numero

75 2821 213 2894 positum
233 2821 415 2903 primariam
439 2823 544 2903 stirpis
565 2823 730 2885 notionem
750 2822 923 2903 reciperare
946 2835 1058 2902 potest,

75 2926 107 2976 ut
125 2915 246 2978 faciunt
265 2916 411 2991 verbera,
430 2937 519 2980 voces
539 2933 569 2979 et
588 2939 616 2979 v.
633 2919 685 2979 182
706 2937 786 2998 quos
808 2917 870 2978 lere
891 2936 956 2978 non
977 2914 1056 2976 tole-

75 3023 140 3072 rant
163 3009 303 3092 spiritus.
353 3032 381 3073 v.
407 3014 459 3075 153
490 3012 609 3077 ardore
633 3013 672 3074 ad
702 3012 891 3074 adiectivum
921 3010 1108 3092 pertinetur

78 3098 223 3188 impedita
249 3125 356 3168 rursus
381 3108 613 3186 collocatione;.
633 3107 756 3170 cicadae
785 3107 896 3169 ardore
927 3119 1055 3185 argutae

78 3214 151 3279 sunt,
173 3219 256 3282 quae
276 3200 352 3263 solis
371 3216 458 3263 aestu
479 3202 622 3265 incitatae
647 3221 758 3263 canere
778 3202 908 3263 soleant.
948 3207 1056 3261 cuncta

83 3293 109 3356 tf.
129 3294 170 3357 ad
190 3316 219 3357 v.
239 3295 301 3356 168.
328 3330 365 3340 -
390 3318 419 3358 v.
445 3299 498 3359 156
518 3298 619 3377 poscit
641 3296 797 3376 eleganter
822 3296 970 3377 positum,
999 3292 1108 3357 sedas

82 3383 256 3468 insolenter;
276 3390 356 3452 solet
376 3390 420 3452 sic
440 3391 620 3472 postulandi
640 3392 737 3452 verbo
757 3390 888 3452 Plautus
908 3389 962 3453 uti.

147 3485 217 3547 lam
237 3484 337 3565 ipsam
359 3472 505 3547 fabellam
524 3505 649 3547 narrare
675 3484 793 3566 incipit,
818 3485 925 3548 multis
948 3481 1132 3549 verbisttnsq.

1118 3698 1177 3760 Δ
