2536 4200
230 304 267 366 25
588 301 850 350 conururamvs

229 482 335 546 cnlt'cta
353 482 418 546 sint
435 484 581 547 carmina
601 483 690 547 docta
715 500 963 547 consentaneum
987 498 1032 545 est
1052 482 1220 549 doctrinae

231 595 331 657 genus
356 578 498 658 quodam
523 579 622 642 modo
648 578 858 657 determinari,
888 595 923 641 ut
948 579 982 640 in
1006 598 1040 640 re
1065 577 1154 640 tenui
1177 598 1220 640 ac

229 670 351 734 minuta
365 691 435 734 eam
449 672 565 743 versari
579 673 744 736 indicetur.
783 673 861 736 ltaec
870 681 1004 754 propter
1019 673 1218 754 coniungere

229 786 353 842 vereor,
384 767 536 847 quoniam
570 787 697 830 carmen
725 768 830 848 ipsum
860 783 906 830 est
935 767 1022 831 lusus
1053 768 1114 838 ille.
1145 788 1219 830 non

229 881 356 924 carmen
381 877 510 943 propter
533 863 650 941 lusum,
676 877 707 924 et
732 862 838 926 culices
862 883 990 927 carmen
1020 882 1098 925 num
1123 883 1220 926 com-

228 976 347 1038 ponere
368 956 503 1019 voluerit
530 957 657 1034 dubito;
687 956 779 1018 Nelei
799 957 955 1021 Priamive
982 957 1121 1021 carmina
1145 957 1221 1038 ipsa

228 1051 355 1114 incerta.
397 1051 486 1115 facile
502 1068 568 1115 erat
589 1052 662 1114 talia
681 1067 847 1133 temptare:
870 1053 948 1116 haec
967 1062 1031 1133 pro
1050 1072 1088 1114 νι
1106 1052 1223 1116 cula'czk

227 1148 293 1212 sint
302 1147 448 1210 carmina
461 1146 566 1222 doctas
585 1147 641 1209 sed
657 1146 741 1208 viam
762 1146 875 1210 doctus
895 1147 1015 1209 amicus
1029 1145 1108 1208 mihi
1119 1164 1222 1208 mon-

229 1242 343 1320 stravit,
364 1241 419 1323 qui
440 1243 701 1325 coniungendum
721 1262 788 1305 esse
808 1241 886 1304 vidit
897 1249 1031 1322 propter
1050 1239 1157 1302 culz'cak
1177 1261 1222 1304 ac

229 1336 333 1398 dicere
362 1352 504 1417 poetam:
534 1338 613 1399 haec
643 1337 737 1400 docta
767 1336 907 1401 carmina
936 1349 1065 1417 propter
1095 1334 1223 1397 culices

228 1430 299 1506 sint,
330 1431 445 1493 culices
475 1430 508 1493 in
539 1451 632 1494 causa
661 1431 723 1494 sint
748 1447 783 1494 ut
810 1430 941 1494 doctum
967 1449 1094 1492 carmen
1119 1444 1223 1509 extet,

230 1524 345 1588 culices
366 1525 526 1589 minutum
545 1545 582 1588 ac
603 1527 787 1608 despectum
807 1546 917 1608 genus,
938 1525 1012 1587 mali
1027 1524 1141 1587 culices
1157 1526 1222 1605 qui

229 1639 379 1682 somnum
399 1635 542 1683 avertunt
562 1621 652 1700 (Hor.
673 1636 727 1682 sat.
753 1641 777 1699 1,
799 1623 825 1699 5,
850 1623 904 1700 14),
929 1639 1008 1700 quos
1028 1638 1102 1682 cum
1121 1620 1224 1701 pedi-

229 1714 308 1776 culis
337 1713 559 1797 pulicibusque
589 1730 789 1797 componunt
821 1715 872 1776 vel
901 1714 1128 1794 Aristophanes
1164 1718 1224 1778 vel

230 1809 360 1872 Plautus
380 1809 475 1884 (Plut.
492 1811 557 1889 537,
579 1810 672 1874 Curc.
691 1813 767 1890 500).
806 1808 1048 1891 praepositionis
1068 1813 1225 1892 exempla

230 1904 372 1985 Properti
394 1906 420 1984 3,
446 1925 489 1984 19,
514 1926 548 1986 19
572 1925 670 1986 qnam
682 1913 816 1987 proptor
839 1913 903 1968 tota
921 1905 1062 1987 lllycenit
1081 1905 1227 1986 infamis
1266 1945 1267 1970 r

228 2007 335 2079 stupro
360 2007 426 2062 stat
443 1999 577 2081 Pelopea
602 2000 720 2074 domam
747 1998 910 2062 Ciceronis
931 2000 971 2062 ad
992 2005 1055 2064 Att.
1081 2021 1123 2079 10,
1144 2020 1176 2080 4,
1208 2023 1221 2063 1

229 2092 303 2155 istos
327 2113 403 2174 quos
424 2103 555 2174 propter
579 2094 686 2158 omnia
712 2094 885 2168 amtkimns,
916 2095 956 2157 ad
982 2096 1054 2158 fam.
1076 2113 1103 2176 7,
1124 2113 1177 2174 27,
1204 2115 1225 2157 2

228 2207 278 2250 me
290 2195 423 2268 propter
442 2207 533 2269 quem
546 2189 642 2252 ceteri
653 2187 748 2251 liberi
757 2199 837 2264 sunt,
859 2190 974 2253 Luccei
987 2190 1068 2252 inter
1082 2188 1227 2252 Cicero-

229 2281 338 2344 nianas
363 2302 411 2364 ep.
436 2285 462 2359 5,
491 2303 533 2362 14,
562 2302 580 2344 2
610 2282 668 2364 qni
690 2293 822 2365 propter
850 2304 980 2347 acumen
1008 2282 1226 2348 occultissima

225 2376 386 2458 perspicis.
447 2377 498 2439 hic
528 2377 624 2459 igitur
657 2393 762 2441 totum
795 2399 896 2461 genus
928 2378 1042 2459 plurali
1076 2397 1226 2442 numero
1265 2453 1266 2458 γ

229 2471 424 2554 significavit,
450 2491 508 2534 nec
531 2472 598 2534 sine
624 2473 767 2552 consili0,
797 2488 833 2536 ut
852 2493 921 2552 v.7
945 2471 1110 2555 singulari:
1134 2483 1227 2554 pon·
1265 2467 1266 2494 ¹

203 2566 304 2628 ιαἰνι
327 2564 381 2628 vel
402 2564 507 2630 culicis
527 2566 626 2632 levior
639 2569 799 2650 famaque
813 2568 952 2646 feretur.
986 2567 1088 2650 pergit
1111 2571 1228 2632 omnis

230 2670 261 2723 ot
286 2659 438 2724 nisteron
461 2670 522 2740 per
548 2660 656 2725 ludum
685 2672 829 2726 consonet
854 2662 932 2725 ordo
961 2661 980 2724 i.
1006 2683 1031 2725 e.
1062 2661 1226 2727 historico

231 2755 360 2836 epicove
380 2755 489 2838 generi
509 2755 614 2818 omnis
633 2757 789 2838 poematis
803 2758 884 2820 ordo
898 2772 1060 2836 consonet,
1080 2757 1138 2818 sed
1159 2777 1228 2839 per

230 2851 344 2912 ludum
367 2850 465 2928 (aliter
485 2851 634 2913 Manilius
654 2871 681 2931 2,
708 2855 764 2916 522
790 2852 834 2916 sic
853 2851 925 2915 veri
940 2861 1004 2934 per
1029 2861 1124 2915 totum
1147 2873 1228 2916 con-

230 2955 323 3008 sonat
337 2944 424 3020 ordo,
446 2946 484 3008 cl.
502 2946 529 3025 3,
549 2950 626 3026 207).
667 2966 781 3029 nempe
800 2948 878 3010 haec
892 2963 938 3010 est
955 2946 1093 3025 historia,
1115 2967 1228 3028 quam

226 3037 422 3121 pedestribus
440 3040 580 3105 hntornssr
605 3043 738 3123 opponit
763 3042 914 3106 Horatius
942 3062 1036 3104 carm,
1056 3061 1084 3121 2,
1114 3061 1162 3122 12,
1193 3067 1230 3124 9,

232 3153 328 3214 quam
343 3133 465 3197 lusibus
478 3150 533 3198 sat.
549 3157 572 3215 1,
592 3157 634 3216 ιο,
649 3137 687 3198 36
700 3137 845 3220 turgillus
854 3136 988 3218 Alpinus
1001 3135 1127 3219 ingnlot
1138 3137 1230 3202 dum
1264 3131 1265 3205 i

230 3228 401 3291 Memnona
426 3228 559 3312 dnmqm
582 3231 725 3314 diffingit
740 3233 846 3296 Rheni
866 3231 981 3295 noum
1006 3239 1105 3313 capnt,
1137 3231 1232 3298 naec

231 3342 289 3404 ego
309 3321 390 3396 ludo,
416 3339 450 3385 ut
473 3324 636 3388 historiam
662 3342 692 3389 et
717 3327 824 3391 iocum
849 3327 1015 3409 componit
1037 3325 1156 3389 Cicero
1179 3330 1231 3390 ad

232 3418 372 3480 Atticum
393 3418 531 3481 scribens
551 3439 579 3498 2,
600 3421 628 3499 8,
660 3441 670 3482 r
703 3419 838 3502 siquid
862 3420 895 3482 in
924 3441 963 3486 ea
992 3420 1123 3502 epnnla
1147 3423 1235 3502 ficit

231 3511 365 3574 nestorio
382 3511 522 3592 dz'gnum,
546 3514 647 3577 scribe
672 3515 933 3595 quamprimum,
958 3536 997 3578 ne
1016 3515 1233 3597 moremus,-

231 3606 281 3670 sin
300 3603 384 3668 nihil
395 3616 526 3686 ρναιίιν
546 3608 733 3680 orationem,
755 3608 851 3672 redde
871 3608 909 3672 id
923 3609 1033 3690 ipsum.
1074 3608 1118 3672 sic
1135 3611 1233 3676 Pro-
