2536 4200
452 326 498 372 AD
512 326 540 375 V.
555 338 621 384 5-19
991 347 1029 408 ²9

42 509 171 572 Lucreti
192 510 220 587 3,
244 528 303 587 4¹9
329 507 500 588 conquam
524 506 579 570 dra
606 506 748 587 danaae
771 515 897 588 reperta
922 506 1030 571 labare

41 604 143 684 digna
163 613 219 666 tua
231 613 371 684 pergam
391 601 552 682 anparere
571 601 717 664 carmina
738 621 824 665 cura.

120 699 252 761 Novum
278 697 388 779 incipit
415 696 633 779 prooemium,
664 698 753 778 quod
781 716 847 760 non
877 696 1030 758 miramur
1041 710 1107 756 nat

42 794 100 873 qui·
111 793 362 856 intellexerimus
376 791 453 873 quid
467 791 526 852 sibi
544 791 680 855 voluerit
693 792 837 854 alterurn.
877 792 1028 854 nimirum

41 908 110 950 non
121 888 163 950 ad
177 888 210 950 id
220 908 321 970 genus
332 886 537 952 exordiorum
551 885 609 948 ista
622 887 788 967 pertinent,
803 888 891 968 quod
903 887 944 949 ad
957 885 1029 948 illu-

41 973 213 1046 strandam
232 984 375 1066 eclogam
395 981 514 1062 Vergili
539 996 681 1044 octavam
702 982 842 1044 tractavit
861 982 1024 1044 Vahlenus

41 1078 107 1139 ind.
123 1077 194 1140 lect.
214 1079 286 1142 1888
301 1097 331 1158 p.
347 1078 363 1138 3
379 1097 434 1158 sq,
454 1077 510 1139 sed
530 1075 758 1157 praefationem
773 1077 887 1157 excipit
901 1097 1028 1140 carmen

41 1171 149 1252 ipsum
174 1173 325 1253 gravioris
350 1171 527 1254 argumenti
552 1170 726 1233 imitatione
752 1190 820 1234 rent
844 1172 946 1234 levem
973 1192 1029 1235 exq

42 1287 170 1330 ornans.
211 1269 300 1333 cuius
324 1283 360 1330 ut
385 1266 499 1329 ‘omnis
526 1265 607 1328 ordo
631 1265 803 1328 historiam'
825 1267 977 1346 imitetur,
1009 1288 1027 1330 a

39 1361 212 1442 prooemio
230 1362 447 1445 incipiendum
461 1378 516 1437 est,
535 1360 623 1442 quod
641 1359 874 1424 invocationem
888 1362 1027 1425 continet

40 1457 179 1520 deorum
200 1471 230 1520 et
249 1458 374 1538 patroni
394 1457 552 1537 simulque
570 1472 795 1536 argumentum
809 1458 1025 1534 commendat;

39 1551 108 1614 fere
135 1567 171 1614 ut
190 1552 341 1616 Horatius
365 1566 436 1633 post
459 1550 652 1632 principium
679 1552 842 1616 carminis:
870 1551 1026 1615 Matutine

36 1655 133 1714 nater
146 1679 184 1692 -
203 1656 235 1708 ta
255 1647 407 1710 carminis
426 1655 488 1708 esta
501 1643 702 1726 arnapam.
743 1662 836 1728 atque
857 1646 1025 1710 consilium

39 1757 75 1803 ut
97 1741 171 1803 satis
191 1756 335 1823 apertum
349 1755 404 1819 est,
424 1740 513 1803 itare
527 1740 594 1822 ipsa
607 1740 711 1804 statim
725 1757 867 1820 apparet:
886 1741 1026 1804 Latonas
1038 1757 1065 1801 tt

38 1836 212 1918 magnaque
236 1835 321 1900 Iaert
344 1834 444 1910 dem,
469 1856 571 1899 aurea
587 1835 697 1917 proles
726 1835 825 1916 (quod
849 1833 1025 1914 asyndeton

39 1932 205 2013 aliquanto
230 1931 340 1995 durius
363 1947 408 1993 est
432 1951 528 2012 quam
549 1932 605 1994 265
629 1928 884 1994 Jaaciconanx
903 1937 1024 2009 semper

37 2027 135 2089 dacus
161 2025 321 2100 Icarratrir,
351 2025 407 2088 ubi
437 2046 504 2088 non
533 2024 756 2102 toleraverunt)
787 2021 932 2086 Phoebus
962 2023 1064 2086 eritta

36 2120 145 2184 nostri
158 2121 306 2203 praceps
331 2130 363 2183 rt
384 2121 537 2184 carminis
561 2129 670 2184 auctor
699 2121 827 2200 (genero
858 2119 1024 2200 hyperbati

36 2233 107 2279 tam
132 2216 245 2282 usitato
272 2215 399 2297 optimis
423 2215 534 2297 poetis,
559 2230 594 2277 ut
619 2215 770 2297 exemplis
795 2215 874 2278 nihil
897 2213 1025 2277 attineat

37 2311 176 2373 refutare
202 2331 276 2374 eutn
300 2311 355 2392 qui
374 2330 477 2393 nuper
507 2312 676 2374 barbarum
703 2310 789 2390 dixit)
819 2319 852 2374 et
872 2308 1025 2380 racaraar

38 2407 114 2487 lyra
124 2406 255 2484 fautor:
282 2421 312 2467 et
333 2404 480 2486 praeceps
504 2425 571 2467 non
595 2405 628 2466 in
649 2404 806 2486 principio
826 2404 947 2485 positus
972 2403 1023 2466 hic

37 2501 168 2562 initium
188 2498 334 2562 carminis
354 2518 421 2562 esse
442 2498 577 2560 declarat
598 2515 629 2560 et
648 2498 800 2562 recalceate
824 2498 896 2580 lyra
906 2499 1024 2578 fautor
1037 2511 1063 2555 ta

38 2595 91 2674 (cf.
108 2594 181 2657 Tib.
196 2615 224 2672 2,
246 2597 260 2657 5
282 2595 335 2672 in.)
356 2608 484 2674 poetam
503 2593 689 2660 modulante
703 2594 836 2656 Phoebo
857 2608 1024 2654 canturum

38 2710 108 2754 esse
128 2690 253 2766 indicat,
274 2689 329 2770 qui
346 2709 375 2749 v.
394 2673 409 2750 1'
429 2687 506 2749 dixit
526 2708 559 2750 se
580 2687 689 2750 lusisse
702 2686 879 2752 montana
898 2685 1021 2749 Thalia

38 2804 118 2865 ergo
152 2784 318 2848 manifesto
353 2782 486 2846 consilio
520 2782 597 2846 haec
631 2781 812 2863 segregavit
872 2780 1024 2844 aarmintssr

37 2888 151 2942 auctor
162 2878 275 2960 Apollo
288 2878 421 2942 Tibullo
441 2893 487 2940 est
507 2895 535 2953 2,
554 2893 583 2955 4,
609 2879 641 2941 13
663 2876 791 2952 (Birtius
812 2876 851 2938 ad
867 2875 936 2940 hist.
951 2875 1020 2939 hex.

36 2976 92 3036 lat.
105 2981 165 3053 41),
187 2973 224 3038 cf.
243 2973 390 3036 German.
409 2976 495 3034 Arat.
516 2991 543 3034 2.
583 2971 726 3036 doctrina
744 2987 851 3033 autem
870 2970 1021 3032 refertum
1040 2971 1043 2978 '

37 3083 87 3131 est
122 3067 339 3148 prooemium,
376 3067 505 3132 vetustis
540 3068 687 3130 locorum
719 3065 904 3128 nominibus
936 3065 1020 3142 (nam

35 3185 66 3224 v.
88 3182 124 3242 14
143 3177 174 3224 et
197 3164 231 3224 rt
254 3162 297 3228 ita
321 3161 478 3224 emendati
501 3177 575 3224 sunt
599 3163 638 3223 ab
660 3160 800 3242 Hauptio
826 3174 856 3221 et
881 3158 963 3220 Italis
986 3174 1020 3220 ut
1034 3177 1098 3222 tata

36 3259 138 3320 verbo
171 3276 239 3320 non
270 3257 407 3338 egeant),
447 3276 534 3320 novo
564 3255 653 3337 Lycii
692 3254 831 3317 fluminis
871 3252 1019 3334 epitheta

35 3352 194 3416 Naidibus
238 3353 345 3418 musis.
405 3351 502 3414 deum
545 3369 621 3412 vero
667 3367 830 3410 sacrorum
872 3348 1019 3410 locorum

35 3449 207 3511 alumnum
233 3445 321 3526 quod
346 3445 489 3525 advocat,
513 3446 594 3508 miro
621 3443 720 3506 modo
744 3461 811 3506 non
836 3443 1018 3523 compellat;

33 3563 95 3606 nec
121 3541 215 3605 video
240 3560 305 3620 quo
329 3540 477 3602 carminis
499 3540 590 3602 initio
616 3558 763 3603 excusare
790 3556 858 3599 rem
883 3538 1020 3618 potuerit

33 3638 96 3701 nisi
112 3634 502 3716 Batrachomyornachiae:
525 3633 704 3719 ἀρχόμενος
722 3639 859 3721 πρῶτον1
872 3638 1019 3700 Μουσῶν
