2528 4202
411 319 457 365 Ab
470 314 499 367 V.
515 319 615 375 168-171
968 320 1004 381 6!

17 502 107 580 fierit
129 501 214 564 eie'cet
232 501 307 590 ira,
337 501 471 564 Ovidius
497 491 568 564 metss
589 502 616 578 3,
641 513 678 579 72
705 509 870 581 postquam
899 499 1011 564 solitas

24 593 153 658 accessit
175 593 223 656 ud
244 593 314 656 iras
338 613 435 658 causa
458 614 573 660 recens.
614 595 659 658 ira
686 594 842 657 in'oculis
861 609 1006 674 apparet:

25 690 115 751 Lucr.
139 690 166 767 3,
191 689 248 752 288
276 688 309 751 iu
335 688 388 751 ira
414 707 484 752 cum
498 688 655 767 fervescit
677 698 770 752 etex
794 687 890 752 omlis
909 683 1013 752 mua!

24 784 150 847 acribus
180 782 291 857 ardor,
321 784 402 846 tollit
430 783 548 861 oculos,
579 799 614 844 ut
643 777 793 846 arrectae
816 783 887 846 uae
915 785 1004 862 (Aeni

27 899 68 955 ιι,
88 881 169 958 454),
190 887 255 942 mm
272 899 347 941 uero
361 878 542 960 adsurgunt
551 878 622 942 irae
642 880 699 956 (12,
712 880 790 958 494),
801 878 933 957 stactus
951 878 1011 942 mi

32 973 159 1036 Vesvius
178 972 277 1054 erigii
292 972 363 1036 iras
383 973 468 1052 (Stat.
488 973 554 1036 silv.
568 992 597 1052 4,
617 993 646 1052 4,
666 974 715 1052 79)
737 989 767 1034 et
787 991 868 1054 quae
884 972 1005 1037 similes

25 1067 95 1130 inde
115 1082 273 1130 venerunt
292 1067 475 1130 locutiones.
517 1067 645 1153 δράκων
667 1082 773 1130 autem
799 1084 896 1148 quam
922 1083 1005 1132 recte
1048 1153 1051 1160 Ι

25 1162 123 1224 oculis
144 1178 251 1224 utatur
271 1181 363 1243 saepe
388 1163 549 1224 audimus:
577 1162 609 1224 iu
633 1161 808 1224 amicorum
831 1161 917 1225 uitiis
940 1172 1006 1225 tam

24 1257 124 1320 cernis
143 1265 268 1320 acumem
287 1276 384 1337 quam
403 1265 461 1319 aut
476 1255 585 1337 uqtdla
604 1265 662 1319 aut
671 1266 798 1336 serpms
810 1250 1010 1337 Epidaurius,

25 1341 183 1425 Horatius,
206 1361 309 1432 asper,
329 1349 445 1413 acerba
464 1360 560 1423 tueus,
581 1350 715 1414 mimam
732 1345 866 1431 corpore
879 1347 1006 1432 serpeus

26 1445 197 1508 Lucretius.
970 1489 972 1494 ·

98 1540 164 1616 Qui
198 1539 340 1620 sequitur
373 1541 463 1602 locus
496 1540 572 1604 item
605 1542 821 1602 subobscurus
855 1542 1089 1616 omnibusne*

24 1634 175 1694 mendum
189 1634 313 1698 'habere
332 1635 417 1697 visus
438 1651 483 1698 est
501 1655 592 1698 versu
611 1653 674 1714 170,
695 1635 750 1696 ubi
770 1644 802 1697 et
816 1655 850 1696 se
869 1636 943 1701 inde
963 1639 1003 1698 ab

24 1729 138 1790 Aldina
159 1728 298 1791 editione
319 1730 433 1810 corrigi
449 1731 533 1792 solet
552 1730 585 1792 in
605 1738 636 1790 et
647 1729 728 1808 fert,
752 1729 850 1808 effert,
870 1729 938 1791 exit
954 1730 1004 1792 vel

24 1822 173 1900 similiter,
199 1815 265 1885 non
286 1838 369 1885 recte
395 1816 523 1906 silquid
537 1817 649 1886 uideo.
689 1840 783 1904 atque
804 1825 882 1885 haec
901 1823 928 1886 si
948 1843 1004 1905 per
1041 1834 1049 1860 ³

24 1936 53 1977 se
73 1932 195 1996 spectas
215 1916 330 1980 attollit
346 1917 454 1981 nitidis
468 1928 573 1999 pectus
586 1915 774 1999 fulgmibus
792 1927 866 1980 etse
878 1917 1007 1984 sublimi

24 2010 141 2073 ceruice
160 2007 264 2092 capua
277 2031 351 2074 'non
376 2014 493 2075 habent
519 2012 606 2094 quod
626 2013 798 2093 vituperes:
828 2011 1003 2091 significare

23 2105 142 2183 possint
159 2114 268 2186 pectus
287 2108 318 2168 et
335 2103 477 2188 caput'se
497 2107 616 2181 attollit,
642 2097 876 2170 constructione
897 2104 1006 2169 multis

23 2200 140 2279 ignota,
161 2199 201 2262 de
221 2221 282 2282 qua
304 2202 451 2282 exemplo
471 2203 574 2264 Plauti
594 2217 663 2264 utar
682 2202 775 2264 Cure.
792 2201 850 2282 696
869 2201 1006 2275 obsecro,

24 2293 214 2368 Planesium,
237 2305 269 2358 et
286 2305 322 2369 te,
343 2290 551 2358 Phaedrum.
592 2297 647 2358 sed
661 2287 788 2378 poetam
803 2295 1003 2376 participium

23 2389 108 2469 quod
127 2404 176 2451 est
194 2389 319 2453 volvem
338 2411 366 2451 v.
386 2391 439 2470 169
464 2409 539 2452 cum
561 2394 661 2454 'verbo
685 2393 775 2474 quod
800 2409 845 2454 est
867 2391 1011 2454 metuebat

23 2504 47 2544 v.
66 2502 121 2562 174
144 2482 345 2546 coniunxisse
370 2501 401 2548 et
424 2505 504 2566 quae
529 2485 728 2549 intercedunt
756 2487 933 2568 parenthesi
963 2489 1002 2550 ab

21 2578 79 2640 illis
105 2575 270 2660 segregari
287 2575 424 2642 voluisse
450 2572 564 2660 parum
589 2583 753 2662 probabile
779 2595 832 2644 est.
883 2581 1003 2644 accedit

22 2690 54 2735 ut
77 2669 144 2736 non
156 2687 240 2734 recte
254 2675 426 2754 procedant
439 2687 521 2756 quae
535 2692 697 2738 secuntur:
718 2686 816 2757 ceput,
837 2676 889 2738 cui
905 2675 1007 2739 crista

17 2779 153 2849 'superne
171 2765 255 2829 edim
267 2764 432 2848 purpureo
451 2769 555 2832 lucens
572 2770 752 2835 maculatur
765 2770 887 2832 amum.
927 2787 1005 2832 nam,
1025 2779 1046 2818 δ”

23 2863 146 2924 cristam
166 2861 200 2922 in
221 2862 325 2942 capite·
341 2863 534 2926 eminentem
558 2883 625 2927 non
649 2866 780 2927 maculis
804 2877 927 2926 tantum
946 2866 1006 2927 sed.

22 2975 183 3038 purpureo
209 2955 325 3018 amictu
350 2959 524 3038 praeditam
550 2978 615 3022 esse
642 2951 777 3021 nimium
794 2972 855 3038 est,
879 2961 941 3021 hoc
961 2960 1001 3020 ad

22 3068 114 3133 caput
133 3047 238 3132 ipsum
258 3050 402 3132 pertinet,
415 3063 579 3134 purpureo
598 3055 713 3118 amictu
725 3053 828 3116 luteus
848 3069 883 3115 ut
893 3047 1006 3135 pectus·

18 3145 125 3208 uitidu
134 3143 324 3226 fielgoribus
336 3150 424 3226 (170),
444 3148 635 3211 ummlestum
655 3164 690 3210 ut
709 3141 823 3228 corpus
837 3168 864 3209 v.
884 3149 945 3226 ι64,
965 3162 1002 3208 ut

20 3241 199 3304 basiliscum
213 3238 388 3323 Cyreum'ea
392 3252 532 3324 generat
537 3235 703 3323 provincia
713 3241 848 3304 cuudz'eiu
861 3242 894 3303 iu
903 3241 1006 3321 captu

19 3337 144 3401 macula
170 3345 207 3398 ut
232 3336 369 3417 quodum
395 3335 571 3400 diedemate
599 3336 752 3418 insignem
783 3331 872 3414 (Plin.
894 3336 921 3413 8,
942 3335 1004 3414 78)..

18 3447 126 3512 potest·
141 3446 248 3494 autem
265 3431 335 3511 ipsa
360 3431 452 3492 crista
478 3432 586 3514 capitis
605 3423 742 3493 amictus
761 3425 876 3507 vocari,
904 3446 999 3512 quam

18 3527 153 3607 legimus
178 3524 303 3605 cingere
329 3534 469 3605 tempora
491 3547 519 3588 v,
546 3546 607 3607 ¹97·
632 3525 685 3588 nef.
707 3517 841 3588 merulae
864 3524 1006 3588 cnedelis

13 3619 124 3699 gloria
144 3615 269 3698 frenus
294 3619 549 3701 promum-seat.
570 3617 672 3682 Theb.
690 3623 715 3700 5,
738 3623 802 3683 510.
853 3621 886 3681 id
911 3635 1003 3682 com·-
