2370 4072
105 945 228 1053 Culex
249 985 369 1066 Vergili
394 1001 488 1048 notus
519 1000 584 1047 erat
604 985 735 1049 Lucano
762 988 1011 1066 adulescentulo,

24 1079 89 1160 qui,
110 1095 148 1141 ut
167 1095 272 1141 narrat
292 1080 462 1143 Suetonius
482 1081 522 1161 (p.
536 1084 573 1143 5ο
588 1077 689 1159 Reiff.)
703 1081 905 1161 praefatione
931 1102 1009 1161 qua-

22 1174 99 1236 dam
130 1183 263 1235 aetatem
291 1184 323 1236 et
349 1173 440 1237 ιἠἱὶἰα
464 1194 523 1237 sua
549 1194 620 1237 cum
656 1174 792 1255 Wrgiltb
823 1185 1013 1256 comparans

21 1287 121 1330 ausus
135 1277 184 1329 est
194 1269 269 1348 (quo
284 1271 381 1331 verbo
396 1269 455 1330 nisi
472 1284 611 1331 uteretur
624 1269 805 1347 Suetonius,
821 1269 1008 1332 modestiam

20 1362 100 1424 dicti
120 1365 374 1442 agnosceremus)
394 1363 510 1426 dicere:
530 1372 562 1427 et
579 1374 729 1444 parantum
748 1364 830 1427 milti
851 1375 951 1427 restat
967 1364 1016 1426 ad

24 1456 177 1521 Culicem.
218 1476 299 1538 quae
320 1458 470 1538 praefatio
490 1474 593 1540 potest
613 1460 727 1539 scripta
747 1478 814 1520 esse
835 1460 899 1521 fere
921 1477 1009 1522 octo-

18 1551 110 1632 ginta
136 1551 227 1613 annis
247 1553 319 1633 post
333 1569 470 1614 mortem
487 1552 616 1634 Vergili,
640 1553 767 1614 saeculo
789 1569 860 1633 post
878 1554 911 1615 id
929 1570 1009 1615 tem·

20 1667 83 1726 pus
108 1666 176 1728 quo
199 1647 344 1710 Culicem
364 1668 382 1710 a
407 1648 548 1728 Vergilio
573 1647 724 1728 scriptum
746 1667 812 1709 esse
837 1648 1011 1710 Suetonius

19 1741 117 1803 tradit
131 1754 162 1822 p.
179 1742 215 1803 58
237 1741 273 1803 R.
314 1743 394 1804 inter
407 1742 528 1804 Lucani
548 1758 653 1804 autem
668 1757 699 1804 et
712 1742 846 1804 Suetoni
866 1757 1010 1822 tempora

21 1855 89 1897 non
111 1835 213 1916 magis
238 1855 335 1917 quam
356 1836 401 1898 illi
431 1837 471 1898 de
497 1836 643 1898 carminis
669 1837 791 1917 origine
822 1837 1008 1899 dubitabant

22 1930 141 1993 Statius
163 1930 239 2008 (silv.
266 1951 275 1992 1
304 1931 414 2012 praef.;
435 1951 462 2009 a,
483 1950 511 2011 7,
530 1933 579 2010 74)
601 1946 631 1993 et
655 1931 805 1993 Martialis
830 1933 869 2011 (8,
892 1932 936 2008 56,
958 1950 1011 2009 2o;

27 2045 69 2104 14
91 2026 151 2101 85).
200 2039 293 2105 atque
314 2025 465 2106 primitias
491 2026 620 2108 quidem
644 2025 711 2086 illas
739 2047 805 2088 esse
835 2026 908 2088 artis
931 2026 1010 2087 Ver-

26 2121 160 2199 gilianae
185 2139 296 2181 omnes
317 2122 527 2198 consentiunt,
557 2140 575 2181 a
595 2136 689 2201 poeta
709 2141 776 2183 non
799 2121 935 2183 sedecim
954 2141 1010 2183 an·
1039 2175 1042 2180 .

28 2234 153 2292 norum,
174 2231 209 2276 ut
228 2215 313 2295 apud
334 2216 523 2278 Suetonium
543 2215 666 2294 legitur,
693 2214 838 2276 Culicem
858 2216 1007 2296 scriptum

29 2329 91 2372 esse
116 2310 234 2373 Statius
263 2310 379 2372 indicat
408 2328 481 2372 cum
506 2309 699 2371 Pharsaliam
725 2308 890 2370 Lucanum
921 2329 1011 2371 com-

28 2404 169 2483 posuisse
189 2403 264 2466 dicit
287 2415 360 2468 ante
383 2422 483 2467 annos
507 2401 625 2468 Calices
644 2402 840 2466 Maroneam:
885 2420 1011 2467 contra-

29 2499 108 2560 rium
134 2499 352 2563 testimonium
378 2498 504 2563 nullum
529 2513 620 2575 extat,
650 2498 808 2578 siquidem
838 2499 1009 2561 testimonii

27 2593 98 2656 loco
119 2594 229 2656 haberi
249 2615 316 2657 non
330 2610 433 2676 potest
453 2593 541 2675 quod
561 2592 594 2654 in
608 2592 670 2655 vita
684 2593 790 2656 Valeri
804 2593 901 2656 Probi
921 2613 1010 2655 com-

28 2689 181 2752 mentario
206 2690 376 2770 praemissa
396 2708 500 2770 neque
525 2688 608 2750 illius
633 2708 737 2769 neque
756 2687 892 2750 aliorum
913 2706 1010 2767 opus-

28 2783 174 2844 culorum
195 2783 337 2865 Vergilio
357 2784 565 2865 ascriptorum
585 2783 706 2845 mentio
727 2782 807 2844 facta
827 2797 881 2844 est
922 2781 1010 2860 atqui

28 2897 156 2941 carmen
175 2898 242 2941 non
262 2899 329 2941 esse
354 2899 372 2941 a
392 2879 532 2960 Vergilio
558 2876 710 2958 scriptum
735 2892 800 2939 tam
826 2891 911 2938 certo
932 2892 1010 2937 con-

26 2988 95 3050 stau
125 2989 161 3035 ut
192 2973 298 3035 mirari
329 2973 458 3054 quidem
485 2973 576 3036 liceat
605 2972 823 3053 antiquitatem
849 2985 880 3032 et
900 2984 1011 3051 poetas

26 3087 177 3130 romanos
198 3068 277 3130 falso
296 3068 426 3130 nomine
440 3066 598 3148 deceptos,
625 3067 768 3128 dubitare
789 3064 865 3146 quin
886 3065 1009 3146 decepti

26 3162 144 3225 luerint
163 3182 230 3225 non
250 3163 349 3225 liceat.
389 3163 470 3225 adeo
491 3178 522 3224 et
541 3181 646 3223 sermo
667 3162 807 3222 diversus
828 3175 874 3222 est
892 3180 911 3222 a
930 3159 1010 3222 Ver-

25 3259 156 3339 giliano,
181 3277 297 3338 nempe
321 3260 474 3320 obscurus
502 3272 532 3320 et
552 3256 730 3337 impeditus,
756 3270 787 3317 et
805 3274 854 3316 ars
879 3254 1010 3332 diversa,

24 3368 62 3414 ut
82 3372 165 3433 quae
189 3353 228 3415 sit
248 3352 369 3416 astricta
389 3351 512 3433 legibus
531 3351 673 3432 Vergilio
692 3350 822 3431 ignotis;
847 3370 928 3431 quae
954 3349 1009 3431 qui

24 3455 128 3528 puero
142 3462 265 3528 poetae,
285 3448 428 3528 quamvis
442 3451 480 3511 ab
495 3448 637 3511 eiusdem
652 3444 859 3508 adulescentis
879 3445 1010 3526 iugenio
