2528 4202
241 297 277 358 55
599 296 858 344 connsnrxmvs

239 477 272 538 in
292 497 326 539 re
346 477 433 539 brevi
454 493 611 558 pastorem
632 478 842 541 dormientem
864 494 894 540 et
907 494 1086 560 serpentem
1106 499 1219 562 appro-

195 627 202 639 .
239 572 445 653 pinquantem
468 593 632 636 exornans.
683 589 776 654 atque
803 573 837 636 in
861 574 1038 636 dormiente
1063 575 1153 655 quod
1176 595 1219 636 so·

232 677 356 748 pereni,
375 687 527 740 somnum,
546 668 679 750 pentem
698 668 837 731 distinxit
849 689 878 731 v.
894 669 947 731 158
960 689 1006 749 sq.
1027 668 1077 743 (cl.
1094 670 1153 731 206
1166 671 1219 750 sq.)

239 761 313 824 fecit
337 777 372 824 ut
397 762 562 825 Lucretius
582 784 610 842 4,
630 766 688 843 453
714 763 843 846 migne
868 784 938 826 cum
961 762 1056 826 suavi
1082 762 1223 826 devinxit

238 855 382 920 nemim
401 867 511 938 sopore
528 879 656 946 somnus
674 861 756 923 etin
774 879 899 922 summa
919 868 1028 940 corpus
1042 858 1222 921 decernunt

162 952 354 1033 mergerem
372 952 429 1014 sed
448 955 551 1015 verbis
569 955 675 1016 minus
690 955 805 1018 affabre
819 973 894 1016 usus
908 969 962 1016 est.
983 987 1021 998 -
1042 973 1070 1015 v.
1086 955 1150 1032 159.
1171 954 1222 1014 160

238 1067 345 1110 rursus
359 1048 591 1128 compositione
604 1052 775 1112 verborum
791 1049 997 1130 impedimur;
1018 1067 1093 1111 nam
1112 1067 1222 1110 securo

232 1150 361 1222 pressos
378 1161 485 1204 somno
509 1161 582 1204 cum
607 1160 689 1207 recte
715 1144 836 1206 dicatur
861 1144 909 1222 (cf.
931 1144 1003 1208 Sen.
1025 1143 1144 1206 phaed.
1168 1145 1222 1206 520
1259 1221 1260 1232 ἵ

238 1235 355 1298 certior
371 1256 499 1299 somnus
511 1238 633 1317 premit
648 1259 761 1302 secura
781 1239 862 1303 duro
880 1237 1026 1302 membra
1043 1246 1222 1299 versantem
1259 1255 1260 1306 3

239 1332 327 1408 toro),
352 1331 413 1392 hoc
437 1351 512 1394 cum
538 1336 636 1396 verbo
662 1336 750 1415 quod
776 1350 821 1398 est
840 1333 1054 1396 nrandaoerat
1070 1331 1223 1412 coniungi

241 1443 307 1486 non
327 1439 439 1506 potest,
461 1427 549 1508 quod
569 1443 600 1490 et
618 1430 890 1511 complementum
909 1447 1018 1490 sensus
1031 1426 1092 1490 sibi
1105 1426 1223 1508 flagitat
1259 1451 1260 1460 ¹

239 1539 298 1582 nec
324 1539 381 1600 pro
406 1520 511 1585 dativo
536 1543 695 1585 assumere
720 1539 824 1606 potest
847 1544 967 1586 nomen
989 1521 1127 1585 ablativo
1149 1541 1223 1584 casu

240 1615 388 1696 positum.
419 1617 451 1680 id
465 1618 611 1698 exposuit
624 1619 763 1700 Silligius
777 1633 808 1681 et
821 1617 973 1681 continuo
987 1617 1105 1698 recepit
1115 1617 1224 1696 fessos

240 1730 299 1792 pro
324 1711 444 1792 pressis.
494 1714 551 1775 sed
575 1714 639 1776 inm
664 1714 737 1775 satis
761 1729 888 1794 poetam
918 1713 1065 1775 novimus
1090 1727 1127 1773 ut
1152 1728 1223 1774 aute

241 1806 529 1886 circumspiciamus
555 1827 656 1890 ecquo
682 1808 816 1872 consilio
836 1808 1017 1870 intricatum
1040 1825 1223 1869 sermonem

241 1901 420 1980 instituerim
450 1917 545 1984 atque
574 1919 701 1986 apparet
731 1903 810 1984 quid
838 1902 986 1965 voluerit:
1017 1922 1084 1964 non
1113 1921 1224 1964 securo

192 2021 193 2028 ¹
237 2005 363 2076 pressos
386 2017 494 2062 somno
523 2000 580 2061 sed
608 1999 640 2061 in
665 1997 773 2062 herbis
795 2007 923 2079 pressos
952 2006 1042 2059 artres
1070 1995 1224 2076 coniungi

241 2092 350 2169 voluit,
381 2111 462 2172 quos
487 2112 596 2156 securo
621 2114 729 2156 somno
753 2091 966 2154 mandaverat
984 2107 1099 2172 pastor,
1126 2092 1166 2154 cf.
1187 2091 1225 2169 69

239 2196 331 2266 saepe
356 2196 450 2266 super
474 2195 578 2249 tenero
601 2187 777 2268 prosternit
797 2186 950 2268 gremius
976 2195 1095 2268 corpus.
1148 2187 1226 2248 dixit
1260 2265 1261 2274 ἵ

241 2280 274 2342 in
298 2279 405 2342 toron
421 2290 551 2360 pressos
575 2281 665 2362 quasi
688 2281 795 2344 herbis
821 2281 987 2362 impressos
1012 2279 1140 2361 proprie
1167 2300 1225 2342 nec
1260 2277 1261 2364 i

241 2375 309 2436 sine
329 2374 439 2454 vigore
459 2375 622 2452 sermonis,
644 2392 679 2438 ut
699 2376 833 2439 Ovidius
854 2377 920 2438 fast.
946 2397 969 2454 1,
991 2377 1046 2438 355
1067 2375 1174 2438 denes
1192 2376 1225 2438 in
1260 2375 1261 2450 ζ

188 2485 229 2531 tot
241 2469 303 2533 vin
314 2476 519 2550 prementem.
539 2503 577 2514 -
597 2470 661 2532 iam
681 2472 777 2552 igitur
796 2472 829 2533 in
850 2491 888 2534 eo
909 2486 974 2534 erat
994 2486 1029 2532 ut
1043 2470 1149 2550 quiete
1168 2490 1224 2532 sua

241 2563 304 2625 frui
323 2579 429 2643 posset
448 2564 507 2626 nisi
526 2564 659 2628 incertas
673 2586 747 2629 eum
761 2567 877 2629 ducere
891 2582 990 2630 sortes
1005 2565 1071 2628 sive
1085 2565 1224 2628 incertos

241 2658 345 2720 sortiri
366 2678 455 2720 casus
469 2659 548 2723 Fors
562 2660 703 2724 Fortuna
721 2661 872 2737 iussisset3
893 2680 967 2724 nam
988 2661 1050 2722 hoc
1067 2659 1225 2741 significat

242 2753 379 2815 ducendi
402 2757 535 2816 verbum
560 2776 588 2816 v.
607 2757 668 2817 162.
718 2777 806 2819 neers
830 2776 911 2837 quae
934 2764 1066 2838 propter
1091 2755 1226 2817 nicertos

242 2867 333 2910 casus
352 2848 472 2911 cottidie
491 2849 632 2912 imminet
649 2852 715 2914 Cic.
736 2851 831 2914 Tusc.
857 2872 880 2929 1,
901 2872 948 2930 91.
1021 2918 1022 2924 1

164 2958 244 3010 teser.
321 2943 481 3024 Serpentis
502 2945 684 3007 dormitanti
703 2946 819 3028 pastori
838 2943 1086 3028 supervenientis
1111 2943 1226 3024 imagi-

243 3057 318 3100 nem
340 3039 457 3119 Vergili
477 3040 700 3120 georgicorum
720 3060 827 3102 versus
850 3043 876 3118 3,
895 3041 1051 3120 414-439
1073 3042 1225 3118 praebere

197 3153 200 3160 ⁴
242 3148 355 3214 poetae
385 3133 523 3214 potuisse
550 3134 666 3197 Bittius
695 3135 819 3198 monuit
849 3135 899 3214 (ad
925 3135 995 3196 hist.
1022 3135 1146 3196 hexam.
1173 3135 1224 3194 lat.

242 3230 344 3311 symb.
359 3248 389 3309 p.
402 3247 440 3307 42
455 3230 526 3310 sq.);
546 3227 632 3290 idem
645 3229 821 3310 Vergilium
841 3229 874 3292 in
893 3248 931 3291 eo
945 3228 1122 3308 discrepare
1137 3228 1226 3304 dixit,

244 3324 332 3404 quod
367 3324 392 3385 is
427 3343 564 3404 anguem
599 3343 636 3386 ex
672 3324 787 3405 palude
819 3323 1032 3404 egredientem
1062 3325 1226 3404 proponit,

244 3418 363 3480 Culicis
393 3433 486 3499 poeta
516 3418 745 3480 adventantem.
792 3418 949 3499 Vergilius
976 3433 1081 3481 autem
1108 3420 1228 3482 Nican-

244 3513 338 3574 drum
363 3529 489 3576 secutus
514 3531 559 3576 est
584 3514 632 3593 (cl.
658 3513 799 3576 Macrob.
822 3515 847 3587 5,
872 3532 918 3591 22,
943 3513 1040 3576 rode
1065 3534 1177 3597 georg.
1200 3518 1227 3592 3,

246 3609 322 3686 391),
343 3609 398 3690 qui
411 3611 470 3670 sub
485 3607 610 3670 initium
620 3607 850 3671 Theriacorum
865 3608 947 3670 canit
961 3609 1050 3671 facile
1064 3627 1227 3690 serpentes
