2370 4072
477 238 522 285 AD
538 238 566 284 V·
580 252 685 299 399·414
1018 265 1066 306 111

89 419 237 483 Lucretio
259 422 297 498 (1,
323 421 389 497 1633
421 439 447 498 2,
473 421 546 503 1089
571 438 601 486 et
621 435 732 502 quater
755 420 787 482 in
809 422 934 503 quinto;
965 442 992 502 2,
1013 425 1066 486 821

86 535 175 577 ornne
189 534 294 595 genus
308 514 443 594 perfusa
462 515 616 580 coloribus
635 517 668 579 in
682 536 801 597 genere
814 516 908 596 omni]
929 517 1069 598 Vergilio

86 610 207 691 (georg.
223 629 251 687 2,
265 628 318 687 ²03
340 610 366 686 3,
378 610 438 688 480
451 613 530 672 Aen.
542 611 570 689 8,
584 611 652 689 628)
667 610 745 685 aliis,
760 610 797 672 cf.
810 611 902 674 Ovid.
915 611 980 674 fast.
991 631 1020 690 4,
1031 631 1070 691 94

84 719 115 766 et
129 726 178 784 99.
221 703 298 766 alter
319 723 414 782 quem
435 704 668 785 expediendum
689 705 752 766 dixi
772 720 865 767 restat
884 725 992 768 versus
1010 708 1069 786 408
1082 717 1122 762 4oe

82 798 136 861 eui
151 797 266 880 gloria
275 799 409 878 formae
433 797 505 880 igne
532 796 703 880 Cupidineo
720 801 872 880 proprios
895 799 1020 863 exarsit
1037 800 1070 863 in

81 903 185 966 artus,
206 893 239 954 in
260 912 325 974 quo
346 912 412 954 non
432 892 624 975 intellegitur
643 893 698 975 qui
716 894 766 955 vel
781 894 883 975 gloria
902 894 952 956 vel
971 895 1070 975 gratia

81 988 208 1051 formae
229 988 261 1049 in
282 1002 376 1066 artus,
400 987 418 1048 i.
440 1007 466 1049 e.
487 989 668 1070 pulcritudo
694 988 727 1049 in
747 989 994 1069 pulcritudinem
1016 1009 1069 1051 ex-

80 1083 195 1145 ardere
227 1083 337 1163 possit;
371 1103 445 1145 nant
468 1082 581 1164 gloria
601 1083 735 1162 formae
765 1083 798 1144 in
827 1084 886 1146 hac
916 1084 1068 1147 enuntiati

79 1177 189 1259 specie
203 1177 356 1258 significat
370 1179 506 1240 formam
522 1178 703 1258 gloriosam.
739 1179 892 1240 mendum
906 1179 1067 1241 sustulisse

79 1270 162 1334 mihi
182 1271 294 1335 videor
314 1273 377 1335 leni
398 1287 588 1335 correctura:
618 1271 681 1352 qui,
699 1273 812 1355 gloria
826 1274 968 1353 formae,
995 1273 1068 1354 egene
1140 1340 1144 1345 ,

82 1366 259 1448 Cupidineo
267 1368 414 1449 proprios
427 1367 553 1430 exarsit
563 1366 595 1428 in
608 1375 708 1440 artus,
723 1367 812 1429 cuius
828 1367 947 1448 figurae
961 1388 1068 1430 exem-

78 1463 132 1542 pla
154 1462 181 1523 si
203 1462 305 1524 afferri
325 1482 405 1543 opus
429 1477 484 1540 est,
515 1461 553 1524 cf.
575 1461 676 1524 Gratti
699 1481 768 1544 cyn.
789 1464 846 1524 256
876 1461 959 1525 noes
987 1481 1066 1524 com-

77 1556 204 1628 missos,
224 1556 405 1620 clarrisinza
414 1558 523 1637 sama,
544 1555 645 1619 leones
662 1591 699 1602 —
714 1554 868 1620 domuere.
909 1557 942 1618 in
962 1556 1138 1626 frontettusq

79 1651 200 1712 tumuli
221 1651 276 1731 qui
297 1652 470 1736 collocatur
489 1651 598 1713 titulus
623 1651 655 1712 in
675 1650 738 1711 vita
758 1651 877 1732 Vergili
897 1650 1015 1712 Donati
1036 1667 1066 1712 et

80 1745 211 1808 Phocae
231 1745 382 1826 repetitur
401 1746 488 1807 nulla
508 1745 652 1808 lectionis
667 1746 823 1808 varietate.
863 1745 1066 1825 coniungitur

82 1860 147 1902 non
168 1839 233 1902 lule
251 1841 385 1903 merenti
404 1842 459 1903 sed
484 1840 542 1903 tibi
558 1840 692 1903 merenti
713 1839 818 1902 reddit
834 1839 896 1902 tale
915 1839 1063 1920 officium.

81 1934 187 2016 itaque
220 1954 279 1996 nos
309 1954 438 2016 quoque
470 1935 630 2014 Culicem,
664 1949 833 2015 postquam
866 1933 999 1996 merenti
1031 1949 1065 1995 ut

85 2046 231 2109 putamus
253 2029 357 2091 debita
377 2030 458 2091 iusta
478 2029 619 2108 fecimus,
640 2030 743 2091 valere
763 2028 937 2090 iubeamus.
