2370 4072
153 272 193 349 84
510 268 771 316 commum

101 467 141 512 m
153 449 264 513 audax
282 468 421 513 tantum:
446 472 502 512 nec
525 452 630 513 ι’πιιιιὶ
647 450 871 532 Phlegethonta
880 452 1000 530 furens
1019 447 1111 511 arden·

153 545 235 608 abus
253 546 354 618 undis,
375 566 449 608 nam
470 547 551 607 hanc
575 546 729 606 librorum
752 545 941 625 scripturam
964 541 1112 606 vindicavit

153 642 269 703 Bittius
294 641 334 702 de
359 642 486 703 halieut-
505 643 551 701 δα
603 639 794 720 Phlegethon
820 638 1003 702 ardenubus'
1030 635 1110 706 unali,

152 736 306 796 ablativus
331 735 396 796 sim
416 735 557 796 fluminis
582 753 612 796 et
635 734 774 796 nominis
793 733 944 809 declarem
959 735 1072 814 surm
1087 743 1111 796 ut.

153 830 287 892 Ovidius
307 850 345 889 ex
366 830 470 890 Ponto
495 851 519 906 t,
543 833 622 903 1,25
646 850 703 892 nec
726 850 777 890 me
797 828 977 891 nomnu'bus
985 827 1111 908 finiam

99 943 141 987 aa
152 926 278 1003 confero
290 924 392 985 mne.
433 940 468 985 ut
481 926 567 987 hunc
579 945 706 986 versum
720 926 859 986 Bembus
876 923 922 985 sic
934 941 1057 984 versum
1069 918 1109 996 275

152 1019 267 1081 iniuria
279 1019 442 1100 temptant
455 1019 603 1100 Scaliger,
623 1020 678 1100 qui
696 1020 737 1081 ad
750 1020 828 1080 haec
840 1022 938 1080 verba
957 1013 1110 1097 necsactles

151 1113 240 1176 Ditis
257 1115 325 1176 sine
344 1113 443 1176 &dece
460 1114 548 1176 sedes
561 1115 626 1195 ipse
639 1114 742 1175 amalit
754 1113 873 1194 Vergili
892 1133 1021 1175 versum
1032 1109 1108 1189 qni

151 1229 207 1272 nec
229 1229 305 1271 vero
327 1209 389 1270 hae
413 1209 481 1270 stite
503 1220 588 1271 sorta
610 1208 717 1279 datae,
739 1207 807 1270 sine
829 1207 931 1270 nate
952 1208 1046 1286 sedes,
1071 1201 1112 1266 sed

152 1302 272 1364 addidit
291 1305 429 1367 ‘mallem
447 1321 552 1366 tamen
565 1323 621 1365 nec
630 1301 749 1381 faciles
760 1302 892 1365 Dictaeo
908 1301 1010 1364 dedice
1027 1299 1111 1374 sedet,

152 1417 250 1478 quam
274 1397 464 1460 levissimam
487 1399 595 1479 magni
620 1398 679 1459 siri
702 1396 918 1459 coniecturam
945 1406 1114 1478 receperunt

152 1492 217 1554 fere
242 1511 363 1569 omnes,
389 1492 581 1555 Ribbeckius
606 1507 641 1554 ut
664 1491 831 1554 ascriberet
855 1491 976 1573 Vergili
1006 1486 1114 1553 versuti

152 1588 237 1649 unde
272 1587 425 1649 nimirum
458 1587 735 1669 interpolationem
773 1586 895 1648 venisse
934 1586 1114 1667 significaret

151 1683 251 1745 immo
272 1702 374 1744 unum
395 1684 454 1745 hoc
475 1682 683 1744 certissimum
703 1682 884 1762 exemplum
906 1696 952 1743 est
970 1697 1114 1762 expressae

151 1777 310 1854 Aeneidis,
341 1798 381 1841 eo
410 1777 525 1839 certius
555 1777 634 1839 illud
659 1796 725 1858 quo
750 1775 977 1838 contortiorem
999 1773 1114 1837 imitatio

152 1892 333 1935 sermonem
347 1873 456 1934 effecit
496 1891 570 1933 nam
583 1872 636 1933 illa
648 1875 723 1932 sane
737 1872 904 1953 Heyniana
916 1869 1114 1952 interpretatio

152 1985 232 2029 stare
253 1988 318 2029 non
339 1981 456 2047 potest:
477 1967 526 2028 ‘ad
547 1986 624 2047 quas
644 1987 710 2028 non
728 1964 826 2028 facilis
839 1966 950 2044 aditus,
967 1987 1052 2048 quae
1063 1964 1114 2026 non

153 2063 322 2123 admittunt
342 2060 489 2140 aliquem,
509 2060 569 2122 nisi
582 2061 737 2123 iudicium
749 2060 902 2137 subierit,
923 2058 1114 2142 nequeenim

153 2155 238 2218 ullus
259 2154 391 2216 mortuis
411 2155 513 2216 aditus
533 2171 579 2218 est
598 2157 666 2218 sine
685 2155 808 2218 iudice.v
838 2153 940 2217 immo
957 2152 1114 2237 negationi

153 2248 198 2309 vis
228 2249 345 2310 eadem
370 2265 416 2312 est
440 2251 480 2312 de
505 2270 567 2331 qua
592 2251 632 2310 ad
651 2270 680 2310 v.
694 2251 731 2311 65
757 2249 903 2311 diximus.
931 2269 999 2316 nec
1014 2246 1114 2330 faciles

152 2342 239 2405 Ditis
256 2343 324 2404 sine
343 2343 443 2406 iudzle
466 2343 553 2406 sedes
577 2344 663 2406 idem
688 2360 734 2405 est
743 2344 879 2445 pquod‘
880 2360 910 2406 et
936 2345 1017 2408 Ditis
1041 2343 1114 2406 sedet

153 2457 219 2498 non
244 2436 312 2499 sirie
336 2437 440 2500 iudice
465 2438 592 2501 faciles:
622 2440 648 2500 si
672 2439 739 2500 sine
743 2414 868 2501 iudice
888 2439 1000 2514 essent,
1026 2438 1114 2500 faciles

153 2548 254 2593 essent
275 2531 324 2610 (cf
345 2531 437 2595 Ovid.
459 2549 533 2594 met
558 2554 580 2611 1,
601 2555 634 2613 9¹
659 2554 705 2614 sq.
728 2535 851 2612 Αειιὸ,
873 2535 930 2613 534
949 2530 1114 2597 trentam

100 2625 216 2688 ansele
235 2624 360 2704 domos).
400 2648 429 2689 v.
443 2628 496 2690 281
520 2627 640 2704 accidit,
660 2628 736 2691 item
756 2644 792 2690 ut
804 2650 833 2690 v.
847 2632 885 2707 2'7
906 2644 937 2691 et
951 2631 1018 2709 319,
1037 2644 1070 2690 ut
1086 2643 1114 2687 er

152 2718 256 2781 vicino
275 2720 382 2801 aliquo
395 2741 486 2783 versu
500 2724 595 2785 verba
616 2724 772 2804 quaedem
789 2723 855 2784 sive
875 2723 919 2785 ad
935 2719 1114 2786 sarciendam

152 2815 297 2877 lacunam
317 2815 382 2877 sive
401 2836 505 2878 errore
514 2817 681 2880 scribentis
694 2818 838 2880 arcessita
850 2818 912 2879 sint
922 2818 958 2880 ln
973 2811 1114 2880 exarandi

119 2966 122 2977 ,
152 2928 218 2974 uno
242 2909 298 2972 illo
324 2908 522 2972 libro'unde
553 2930 663 2974 omnes
688 2912 832 2975 videlicet
857 2913 976 2976 Culicis
1006 2911 1114 2976 codices

151 3014 373 3081 provenerunt.
413 3004 495 3067 inter
514 3006 665 3085 quercum
687 3021 716 3068 et
740 3006 839 3070 silvas
859 3008 950 3088 quod
974 2998 1114 3071 intercidit

152 3115 225 3157 sane
252 3095 292 3157 ad
313 3098 440 3159 arbores
459 3099 643 3179 pertinebat,
669 3101 741 3163 a'ves
762 3101 852 3182 putes
872 3108 967 3184 (quae
985 3103 1114 3167 salvara

103 3221 108 3257 ·.
152 3209 227 3251 aves
254 3197 401 3271 saxaque
425 3196 585 3268 traxeras,-
617 3193 748 3258 advexit
767 3195 933 3260 'volzccrem
966 3213 1071 3261 nemus
1085 3197 1114 3255 'll

151 3282 233 3348 silva
253 3283 393 3347 resiliens
411 3285 522 3362 venit);
547 3288 602 3349 sed
622 3289 711 3350 h'as
703 3310 784 3370 ipsas
808 3287 948 3353 indicabt
964 3293 1068 3356 abas
1078 3282 1114 3353 se

152 3397 250 3439 norae
264 3378 312 3455 (cf
326 3388 477 3461 argutum
491 3401 606 3455 nemus,
627 3395 746 3463 arguta
760 3384 834 3446 ilex·
833 3384 967 3465 vergssi,
978 3378 1114 3468 argutam

146 3489 286 3551 gramen
289 3473 498 3536 Columellae
517 3495 560 3554 to,
575 3477 651 3556 284),
673 3496 750 3557 quas
770 3479 843 3544 iam
847 3497 955 3542 nemo·
961 3471 1114 3545 consisted

151 3564 279 3644 patitur,
307 3586 383 3646 ergo
404 3568 506 3631 aliud
507 3570 641 3650 potius
636 3573 785 3634 arborum
808 3573 908 3653 genus
927 3575 1114 3647 nominatum

26 3710 32 3749 l

26 3752 152 3832 ,ι
