2536 4200
246 321 280 383 ,g
616 316 846 366 constaturam

246 500 423 567 Catalectan
442 509 474 562 et
492 497 646 579 Priapeia
665 506 696 560 et
705 497 951 579 Epigrammata
970 506 1002 559 et
1018 496 1128 570 Diras,
1147 497 1219 560 item

247 595 350 661 Cirim
372 604 404 657 et
426 592 572 659 Culicem.
621 591 748 672 scripsit
773 591 868 654 ettam
896 591 936 654 de
964 611 1028 674 qua
1052 590 1220 674 ambigitur

242 690 379 754 Aeaeam
400 690 483 768 (nam
503 687 590 769 quod
606 685 827 767 interpositum
852 701 898 747 est
922 701 1141 787 argumentum
1155 688 1222 750 Cu-

243 785 320 863 licis,
355 783 387 845 id
414 784 558 845 Donatus
593 802 631 844 ex
666 780 775 842 codice
805 780 865 842 suo
892 779 1045 842 Suetonio
1076 781 1222 860 inseruit).

244 877 296 940 hic
317 877 356 938 de
375 897 508 959 corpore
528 875 758 958 opusculorum
777 877 912 937 verbum
931 876 1071 954 nullum;
1095 896 1224 938 enume-

244 988 353 1034 rantur
379 987 440 1033 tres
461 971 672 1041 collectiones,
699 987 835 1050 quarum
861 969 963 1049 prima
992 987 1064 1050 post
1090 987 1225 1033 mortem

244 1081 356 1147 poetae
381 1065 462 1128 facta
488 1066 585 1145 (catal.
614 1065 658 1144 14)
688 1081 747 1124 suo
778 1063 1004 1144 epigrammate
1029 1066 1227 1130 concluditur

245 1167 329 1234 (vate
355 1159 546 1241 Syracosia),
579 1159 674 1220 altera
707 1177 793 1220 nunc
826 1157 957 1239 quidem
984 1159 1043 1222 tria
1071 1162 1229 1241 poematia

247 1255 496 1336 comprehendit,
522 1254 577 1316 sed
603 1254 636 1315 in
657 1253 820 1315 codicibus
846 1272 920 1316 cum
949 1253 1054 1334 priore
1084 1253 1124 1316 ita
1149 1274 1230 1317 con-

246 1351 353 1414 iuncta
373 1364 419 1412 est
440 1363 474 1410 ut
494 1367 565 1410 eam
584 1347 748 1411 antecedat
769 1347 862 1409 titulo
883 1347 1052 1427 cataleptan
1076 1347 1231 1425 subiecta3

246 1446 336 1509 tertia
349 1458 469 1508 servata
483 1457 528 1504 est
542 1443 575 1504 in
589 1443 772 1524 anthologia
785 1443 979 1505 Salmasiana
992 1444 1154 1521 (256-263
1171 1445 1232 1523 Κ),

210 1585 212 1590 -
246 1541 303 1603 sed
328 1560 387 1603 nec
413 1536 514 1600 solida
538 1557 597 1600 nec
622 1537 756 1618 integra;
787 1537 902 1600 deinde
925 1553 987 1600 tres
1012 1537 1110 1599 libelli
1133 1554 1164 1600 et
1191 1540 1253 1618 de

247 1655 314 1718 quo
345 1632 516 1714 ambigitur
546 1646 684 1713 quartus.
735 1633 855 1695 accedit
876 1631 939 1694 vita
959 1632 1047 1694 Servi
1067 1651 1236 1695 commen-

247 1728 326 1792 tario
352 1727 501 1790 Aeneidis
525 1727 703 1808 praemissa.
754 1745 835 1809 quae
858 1726 921 1788 vita
952 1743 1096 1808 excerpta
1120 1729 1170 1788 est
1195 1749 1237 1790 ex

247 1824 317 1906 ipso
343 1821 506 1897 Suetonio,
532 1842 651 1903 paucae
681 1841 730 1883 res
760 1842 798 1884 ex
828 1822 1061 1884 commentariis
1091 1822 1239 1886 adiectae

247 1921 299 1981 vel
330 1933 476 1980 mutatae.
526 1916 579 1978 ille
606 1914 701 1997 igitur
729 1917 816 1998 quod
842 1932 914 1998 post
940 1917 1101 1978 Ballistam
1127 1936 1242 1980 narrat

247 2013 375 2094 scripsit
385 2011 479 2075 ettam
492 2021 605 2092 septem
618 2010 683 2074 sive
697 2020 762 2074 acta
776 2009 875 2074 libros
886 2011 958 2074 has:
984 2010 1013 2076 C
1011 2010 1077 2074 irin
1095 2011 1243 2076 Aetnam

253 2107 392 2172 Culicem
426 2105 579 2187 Priapeia
619 2103 796 2170 catalecton
830 2105 1077 2186 Epigrammata
1113 2105 1244 2188 Copam

250 2201 366 2273 Diras,
386 2199 603 2263 testimonium
623 2200 708 2262 idem
730 2215 775 2262 est
797 2200 862 2263 sive
887 2201 992 2281 potius
1013 2201 1107 2262 unius
1129 2203 1245 2266 amissi

251 2295 418 2357 relationes
436 2295 514 2356 duas
533 2310 686 2356 tenemus.
737 2310 831 2375 atque
862 2295 988 2357 Servius
1017 2295 1107 2358 aliter
1137 2317 1245 2377 quam

251 2389 395 2450 Donatus
415 2389 523 2451 titulos
544 2389 695 2470 disponit:
720 2390 841 2451 orditur
854 2409 872 2450 a
886 2388 999 2451 libellis
1012 2390 1245 2470 grandioribus

251 2484 360 2562 tribus,
387 2484 489 2564 pergit
515 2483 555 2546 ad
579 2484 790 2564 collectiones,
815 2499 977 2564 postremo
1001 2485 1073 2547 loco
1094 2489 1246 2550 carmina

252 2578 377 2640 minora
397 2594 428 2640 et
447 2577 570 2659 singula
590 2579 695 2659 ponit;
723 2579 847 2661 Copam
873 2596 927 2642 aut
950 2580 1017 2661 ipse
1037 2580 1156 2643 adiecit
1189 2601 1246 2645 aut

251 2672 396 2734 Donatus
430 2674 544 2737 omisit.
594 2678 731 2736 Aetnam
767 2673 870 2736 ordini
900 2675 1020 2752 inserit,
1057 2675 1112 2736 sed
1151 2679 1247 2758 quod

253 2765 521 2831 Suetonius'dixit
542 2769 581 2831 de
595 2772 697 2831 Aetna
715 2768 842 2849 ambigi,
862 2769 915 2831 ille
934 2786 1056 2850 septem
1075 2769 1144 2832 sive
1171 2790 1253 2838 octo

251 2862 348 2926 libros
374 2883 440 2924 esse
467 2879 578 2926 narrat.
625 2864 699 2925 hinc
723 2862 864 2944 sequitur
887 2864 1005 2925 ordinis
1026 2865 1248 2929 mutationem

252 2977 276 3044 a·
297 2957 408 3019 Servio
433 2958 547 3020 factam
572 2970 652 3036 esse,
683 2958 872 3021 Suetonium
902 2973 1008 3020 autem
1034 2959 1073 3020 de
1102 2978 1248 3043 corpore

253 3069 437 3134 poematum
462 3072 528 3121 non
553 3052 652 3133 magis
682 3054 825 3115 locutum
855 3073 1039 3133 essequam
1063 3053 1253 3130 Donatum

253 3147 309 3210 sed
324 3150 503 3230 catalogum
517 3147 698 3210 libellorum
710 3149 831 3212 dedisse
843 3167 939 3230 quem
954 3148 1132 3229 excerptori
1149 3143 1253 3231 prouti

254 3242 377 3304 luberet
406 3243 537 3305 reddere
568 3242 682 3306 liceret.
738 3263 839 3305 unum
866 3258 959 3306 restat
983 3243 1071 3325 quod
1103 3244 1151 3306 ad
1183 3257 1253 3322 remg

255 3337 410 3417 pertinere
445 3337 504 3399 viri
530 3337 615 3400 docti
644 3338 784 3400 iudicant
813 3338 1029 3400 testimonium
1061 3337 1253 3412 Diomedisq

254 3432 343 3493 c'uius
362 3435 458 3494 verba
478 3452 507 3514 p.
525 3435 588 3509 512,
608 3451 645 3512 27
662 3432 838 3512 priapeam,
858 3452 918 3513 qao
940 3431 1097 3512 Vergilius
1118 3433 1160 3497 in
1176 3447 1253 3517 pro«

255 3517 424 3589 lusionibus
436 3529 502 3590 suis
515 3527 671 3608 ususfait
685 3527 747 3589 tale
759 3537 806 3590 est
816 3527 968 3608 (sequitur
976 3547 1084 3589 versus
1096 3527 1253 3608 ficticiusl

255 3617 388 3682 fortasse-
405 3624 498 3684 abeo
516 3622 646 3685 secundi
660 3622 776 3684 saeculi
796 3623 1001 3702 grammatico
1021 3622 1145 3704 scripta
1171 3643 1253 3704 sunt
