<?xml version="1.0" encoding="UTF-8"?>
<!DOCTYPE html PUBLIC "-//W3C//DTD XHTML 1.0 Transitional//EN"
    "http://www.w3.org/TR/xhtml1/DTD/xhtml1-transitional.dtd">
<html xmlns="http://www.w3.org/1999/xhtml" xml:lang="en" lang="en">
 <head>
  <title>
</title>
<meta http-equiv="Content-Type" content="text/html;charset=utf-8" />
  <meta name='ocr-system' content='tesseract 3.04.00' />
  <meta name='ocr-capabilities' content='ocr_page ocr_carea ocr_par ocr_line ocrx_word'/>
</head>
<body>
  <div class='ocr_page' id='page_1' title='image "./cvlexcarmenverg00verggoog_0090.png"; bbox 0 0 2528 4202; ppageno 0'>
   <div class='ocr_carea' id='block_1_1' title="bbox 419 317 1013 399">
    <p class='ocr_par' dir='ltr' id='par_1_1' title="bbox 419 317 1013 399">
     <span class='ocr_line' id='line_1_1' title="bbox 419 317 1013 399; baseline -0.005 -21"><span class='ocrx_word' id='word_1_1' title='bbox 419 318 464 364; x_wconf 68' lang='lat' dir='ltr'><strong>AD</strong></span> <span class='ocrx_word' id='word_1_2' title='bbox 479 317 506 364; x_wconf 91' lang='lat' dir='ltr'><strong>V·</strong></span> <span class='ocrx_word' id='word_1_3' title='bbox 520 331 624 378; x_wconf 78' lang='lat'>²33-245</span> <span class='ocrx_word' id='word_1_4' title='bbox 658 333 660 338; x_wconf 86' lang='lat'>&#39;</span> <span class='ocrx_word' id='word_1_5' title='bbox 974 339 1013 399; x_wconf 77' lang='lat'><strong>77</strong></span> 
     </span>
    </p>
   </div>
   <div class='ocr_carea' id='block_1_2' title="bbox 10 497 1089 3700">
    <p class='ocr_par' dir='ltr' id='par_1_2' title="bbox 36 497 1017 1224">
     <span class='ocr_line' id='line_1_2' title="bbox 37 497 1012 579; baseline -0.001 -17"><span class='ocrx_word' id='word_1_6' title='bbox 37 501 136 562; x_wconf 87' lang='lat' dir='ltr'>hausit</span> <span class='ocrx_word' id='word_1_7' title='bbox 162 520 200 562; x_wconf 88' lang='lat' dir='ltr'><strong>ex</strong></span> <span class='ocrx_word' id='word_1_8' title='bbox 223 497 336 561; x_wconf 90' lang='lat' dir='ltr'><strong>vetusti</strong></span> <span class='ocrx_word' id='word_1_9' title='bbox 361 500 514 561; x_wconf 92' lang='lat' dir='ltr'><strong>sermonis</strong></span> <span class='ocrx_word' id='word_1_10' title='bbox 539 499 639 577; x_wconf 89' lang='lat' dir='ltr'><strong>fonte,</strong></span> <span class='ocrx_word' id='word_1_11' title='bbox 670 499 725 560; x_wconf 90' lang='lat' dir='ltr'><strong>sed</strong></span> <span class='ocrx_word' id='word_1_12' title='bbox 751 518 808 579; x_wconf 92' lang='lat' dir='ltr'><strong>pro</strong></span> <span class='ocrx_word' id='word_1_13' title='bbox 835 499 1012 579; x_wconf 92' lang='lat' dir='ltr'><strong>composito</strong></span> 
     </span>
     <span class='ocr_line' id='line_1_3' title="bbox 36 593 1012 676; baseline 0.001 -21"><span class='ocrx_word' id='word_1_14' title='bbox 36 596 165 676; x_wconf 87' lang='lat' dir='ltr'><strong>simplex</strong></span> <span class='ocrx_word' id='word_1_15' title='bbox 196 593 310 675; x_wconf 86' lang='lat' dir='ltr'><strong>posuit,</strong></span> <span class='ocrx_word' id='word_1_16' title='bbox 341 606 375 654; x_wconf 92' lang='lat' dir='ltr'><strong>ut</strong></span> <span class='ocrx_word' id='word_1_17' title='bbox 405 613 431 654; x_wconf 88' lang='lat' dir='ltr'><strong>e.</strong></span> <span class='ocrx_word' id='word_1_18' title='bbox 462 615 491 674; x_wconf 87' lang='lat' dir='ltr'><strong>g.</strong></span> <span class='ocrx_word' id='word_1_19' title='bbox 522 594 647 656; x_wconf 88' lang='lat' dir='ltr'><strong>videbat</strong></span> <span class='ocrx_word' id='word_1_20' title='bbox 677 594 859 656; x_wconf 91' lang='lat' dir='ltr'><strong>Lucretium</strong></span> <span class='ocrx_word' id='word_1_21' title='bbox 888 594 1012 675; x_wconf 88' lang='lat' dir='ltr'><strong>saepius</strong></span> 
     </span>
     <span class='ocr_line' id='line_1_4' title="bbox 36 685 1017 770; baseline -0.005 -20"><span class='ocrx_word' id='word_1_22' title='bbox 36 688 213 770; x_wconf 88' lang='lat' dir='ltr'><strong>stinguendi</strong></span> <span class='ocrx_word' id='word_1_23' title='bbox 226 707 285 769; x_wconf 92' lang='lat' dir='ltr'><strong>pro</strong></span> <span class='ocrx_word' id='word_1_24' title='bbox 300 687 518 768; x_wconf 86' lang='lat' dir='ltr'><strong>exstinguendi</strong></span> <span class='ocrx_word' id='word_1_25' title='bbox 531 689 629 752; x_wconf 86' lang='lat' dir='ltr'><strong>verbo</strong></span> <span class='ocrx_word' id='word_1_26' title='bbox 643 689 698 767; x_wconf 91' lang='lat' dir='ltr'><strong>uti,</strong></span> <span class='ocrx_word' id='word_1_27' title='bbox 718 689 817 752; x_wconf 90' lang='lat' dir='ltr'><strong>semel</strong></span> <span class='ocrx_word' id='word_1_28' title='bbox 829 685 888 769; x_wconf 93' lang='lat' dir='ltr'><strong>pro</strong></span> <span class='ocrx_word' id='word_1_29' title='bbox 903 688 1017 750; x_wconf 72' lang='lat' dir='ltr'><strong>distin-v</strong></span> 
     </span>
     <span class='ocr_line' id='line_1_5' title="bbox 36 781 1013 864; baseline 0 -19"><span class='ocrx_word' id='word_1_30' title='bbox 36 783 150 863; x_wconf 84' lang='lat' dir='ltr'><strong>guendi</strong></span> <span class='ocrx_word' id='word_1_31' title='bbox 164 785 202 862; x_wconf 81' lang='grc' dir='ltr'><strong>(ι,</strong></span> <span class='ocrx_word' id='word_1_32' title='bbox 216 782 295 862; x_wconf 86' lang='grc'>486).</span> <span class='ocrx_word' id='word_1_33' title='bbox 331 797 425 864; x_wconf 89' lang='lat' dir='ltr'><strong>atque</strong></span> <span class='ocrx_word' id='word_1_34' title='bbox 439 781 588 844; x_wconf 89' lang='lat' dir='ltr'><strong>audacius</strong></span> <span class='ocrx_word' id='word_1_35' title='bbox 602 783 696 844; x_wconf 90' lang='lat' dir='ltr'><strong>etiam</strong></span> <span class='ocrx_word' id='word_1_36' title='bbox 710 804 737 845; x_wconf 84' lang='lat' dir='ltr'><strong>v.</strong></span> <span class='ocrx_word' id='word_1_37' title='bbox 753 785 790 845; x_wconf 89' lang='lat'><strong>63</strong></span> <span class='ocrx_word' id='word_1_38' title='bbox 805 782 881 845; x_wconf 77' lang='lat' dir='ltr'><strong>data</strong></span> <span class='ocrx_word' id='word_1_39' title='bbox 893 782 1013 845; x_wconf 84' lang='lat' dir='ltr'><strong>vellera</strong></span> 
     </span>
     <span class='ocr_line' id='line_1_6' title="bbox 37 877 1017 960; baseline 0 -20"><span class='ocrx_word' id='word_1_40' title='bbox 37 879 136 958; x_wconf 86' lang='lat' dir='ltr'><strong>posuit</strong></span> <span class='ocrx_word' id='word_1_41' title='bbox 150 894 181 940; x_wconf 93' lang='lat' dir='ltr'><strong>et</strong></span> <span class='ocrx_word' id='word_1_42' title='bbox 194 877 398 940; x_wconf 88' lang='lat' dir='ltr'><strong>audacissime</strong></span> <span class='ocrx_word' id='word_1_43' title='bbox 412 897 440 940; x_wconf 86' lang='lat' dir='ltr'><strong>v.</strong></span> <span class='ocrx_word' id='word_1_44' title='bbox 457 879 508 956; x_wconf 84' lang='lat'><strong>391</strong></span> <span class='ocrx_word' id='word_1_45' title='bbox 526 877 657 957; x_wconf 87' lang='lat' dir='ltr'><strong>simplex</strong></span> <span class='ocrx_word' id='word_1_46' title='bbox 672 878 755 955; x_wconf 77' lang='lat' dir='ltr'><strong>capit</strong></span> <span class='ocrx_word' id='word_1_47' title='bbox 767 898 825 960; x_wconf 91' lang='lat' dir='ltr'><strong>pro</strong></span> <span class='ocrx_word' id='word_1_48' title='bbox 835 877 1017 959; x_wconf 89' lang='lat' dir='ltr'><strong>composito</strong></span> 
     </span>
     <span class='ocr_line' id='line_1_7' title="bbox 37 971 1013 1055; baseline -0.002 -21"><span class='ocrx_word' id='word_1_49' title='bbox 37 974 144 1055; x_wconf 65' lang='lat' dir='ltr'><strong>incepit</strong></span> <span class='ocrx_word' id='word_1_50' title='bbox 180 989 320 1035; x_wconf 89' lang='lat' dir='ltr'><strong>ceterum</strong></span> <span class='ocrx_word' id='word_1_51' title='bbox 340 972 487 1035; x_wconf 91' lang='lat' dir='ltr'><strong>consulto</strong></span> <span class='ocrx_word' id='word_1_52' title='bbox 507 971 615 1035; x_wconf 84' lang='lat' dir='ltr'><strong>fecisse</strong></span> <span class='ocrx_word' id='word_1_53' title='bbox 635 972 760 1035; x_wconf 88' lang='lat' dir='ltr'><strong>videtur</strong></span> <span class='ocrx_word' id='word_1_54' title='bbox 780 987 815 1034; x_wconf 89' lang='lat' dir='ltr'><strong>ut</strong></span> <span class='ocrx_word' id='word_1_55' title='bbox 828 988 899 1053; x_wconf 91' lang='lat' dir='ltr'><strong>post</strong></span> <span class='ocrx_word' id='word_1_56' title='bbox 912 993 941 1034; x_wconf 88' lang='lat' dir='ltr'><strong>v.</strong></span> <span class='ocrx_word' id='word_1_57' title='bbox 956 974 1013 1051; x_wconf 86' lang='lat'><strong>239</strong></span> 
     </span>
     <span class='ocr_line' id='line_1_8' title="bbox 37 1065 1014 1145; baseline -0.001 -17"><span class='ocrx_word' id='word_1_58' title='bbox 37 1069 118 1129; x_wconf 88' lang='lat' dir='ltr'><strong>nulla</strong></span> <span class='ocrx_word' id='word_1_59' title='bbox 144 1067 364 1129; x_wconf 89' lang='lat' dir='ltr'><strong>damnatorum</strong></span> <span class='ocrx_word' id='word_1_60' title='bbox 389 1067 529 1145; x_wconf 89' lang='lat' dir='ltr'><strong>nomina,</strong></span> <span class='ocrx_word' id='word_1_61' title='bbox 549 1065 622 1128; x_wconf 91' lang='lat' dir='ltr'><strong>inde</strong></span> <span class='ocrx_word' id='word_1_62' title='bbox 646 1087 712 1129; x_wconf 89' lang='lat' dir='ltr'><strong>av.</strong></span> <span class='ocrx_word' id='word_1_63' title='bbox 734 1067 791 1129; x_wconf 85' lang='grc'><strong>262</strong></span> <span class='ocrx_word' id='word_1_64' title='bbox 811 1085 919 1128; x_wconf 90' lang='lat' dir='ltr'><strong>rursus</strong></span> <span class='ocrx_word' id='word_1_65' title='bbox 940 1068 1014 1127; x_wconf 88' lang='lat' dir='ltr'><strong>bea-</strong></span> 
     </span>
     <span class='ocr_line' id='line_1_9' title="bbox 36 1161 345 1224; baseline 0.003 -3"><span class='ocrx_word' id='word_1_66' title='bbox 36 1177 137 1224; x_wconf 91' lang='lat' dir='ltr'><strong>torum</strong></span> <span class='ocrx_word' id='word_1_67' title='bbox 158 1161 345 1224; x_wconf 87' lang='lat' dir='ltr'><strong>nominaret.</strong></span> 
     </span>
    </p>

    <p class='ocr_par' dir='ltr' id='par_1_3' title="bbox 37 1255 1089 1904">
     <span class='ocr_line' id='line_1_10' title="bbox 107 1255 1089 1336; baseline -0.003 -17"><span class='ocrx_word' id='word_1_68' title='bbox 107 1258 144 1319; x_wconf 91' lang='lat' dir='ltr'><strong>V.</strong></span> <span class='ocrx_word' id='word_1_69' title='bbox 170 1258 225 1335; x_wconf 77' lang='lat'><strong>²4⁵</strong></span> <span class='ocrx_word' id='word_1_70' title='bbox 257 1255 478 1318; x_wconf 89' lang='lat' dir='ltr'><strong>dubitaverunt</strong></span> <span class='ocrx_word' id='word_1_71' title='bbox 510 1255 621 1334; x_wconf 88' lang='lat' dir='ltr'><strong>critici,</strong></span> <span class='ocrx_word' id='word_1_72' title='bbox 652 1255 691 1316; x_wconf 91' lang='lat' dir='ltr'><strong>ad</strong></span> <span class='ocrx_word' id='word_1_73' title='bbox 716 1255 889 1336; x_wconf 84' lang='lat' dir='ltr'><strong>Sisyphum</strong></span> <span class='ocrx_word' id='word_1_74' title='bbox 916 1273 1089 1336; x_wconf 56' lang='lat' dir='ltr'><strong>quae-maa,</strong></span> 
     </span>
     <span class='ocr_line' id='line_1_11' title="bbox 37 1349 1012 1412; baseline 0.002 -4"><span class='ocrx_word' id='word_1_75' title='bbox 37 1359 148 1412; x_wconf 84' lang='lat' dir='ltr'><strong>rentem</strong></span> <span class='ocrx_word' id='word_1_76' title='bbox 173 1368 248 1411; x_wconf 91' lang='lat' dir='ltr'><strong>cum</strong></span> <span class='ocrx_word' id='word_1_77' title='bbox 272 1367 346 1412; x_wconf 88' lang='lat' dir='ltr'><strong>vera</strong></span> <span class='ocrx_word' id='word_1_78' title='bbox 371 1350 526 1412; x_wconf 91' lang='lat' dir='ltr'><strong>librorum</strong></span> <span class='ocrx_word' id='word_1_79' title='bbox 553 1349 707 1412; x_wconf 87' lang='lat' dir='ltr'><strong>memoria</strong></span> <span class='ocrx_word' id='word_1_80' title='bbox 733 1368 774 1410; x_wconf 88' lang='lat' dir='ltr'><strong>an</strong></span> <span class='ocrx_word' id='word_1_81' title='bbox 794 1349 834 1411; x_wconf 88' lang='lat' dir='ltr'><strong>ad</strong></span> <span class='ocrx_word' id='word_1_82' title='bbox 855 1349 1012 1411; x_wconf 84' lang='lat' dir='ltr'><strong>Danaides</strong></span> 
     </span>
     <span class='ocr_line' id='line_1_12' title="bbox 38 1444 1012 1526; baseline 0.001 -21"><span class='ocrx_word' id='word_1_83' title='bbox 38 1453 213 1522; x_wconf 63' lang='lat' dir='ltr'><strong>maerentes</strong></span> <span class='ocrx_word' id='word_1_84' title='bbox 233 1462 307 1505; x_wconf 93' lang='lat' dir='ltr'><strong>cum</strong></span> <span class='ocrx_word' id='word_1_85' title='bbox 328 1445 410 1506; x_wconf 87' lang='lat' dir='ltr'><strong>ltalis</strong></span> <span class='ocrx_word' id='word_1_86' title='bbox 431 1444 623 1526; x_wconf 91' lang='lat' dir='ltr'><strong>quibusdam</strong></span> <span class='ocrx_word' id='word_1_87' title='bbox 643 1444 808 1521; x_wconf 87' lang='lat' dir='ltr'><strong>referrent;</strong></span> <span class='ocrx_word' id='word_1_88' title='bbox 834 1461 928 1525; x_wconf 90' lang='lat' dir='ltr'><strong>atque</strong></span> <span class='ocrx_word' id='word_1_89' title='bbox 949 1445 1012 1506; x_wconf 92' lang='lat' dir='ltr'><strong>hoc</strong></span> 
     </span>
     <span class='ocr_line' id='line_1_13' title="bbox 38 1537 1012 1620; baseline 0.001 -22"><span class='ocrx_word' id='word_1_90' title='bbox 38 1537 160 1616; x_wconf 90' lang='lat' dir='ltr'><strong>quidem</strong></span> <span class='ocrx_word' id='word_1_91' title='bbox 179 1537 306 1601; x_wconf 86' lang='lat' dir='ltr'><strong>interim</strong></span> <span class='ocrx_word' id='word_1_92' title='bbox 326 1539 359 1600; x_wconf 89' lang='lat' dir='ltr'><strong>in</strong></span> <span class='ocrx_word' id='word_1_93' title='bbox 375 1539 563 1602; x_wconf 91' lang='lat' dir='ltr'><strong>coniecturis</strong></span> <span class='ocrx_word' id='word_1_94' title='bbox 576 1557 778 1620; x_wconf 85' lang='lat' dir='ltr'><strong>seponamus,</strong></span> <span class='ocrx_word' id='word_1_95' title='bbox 798 1538 878 1600; x_wconf 89' lang='lat' dir='ltr'><strong>illud</strong></span> <span class='ocrx_word' id='word_1_96' title='bbox 899 1556 1012 1619; x_wconf 91' lang='lat' dir='ltr'><strong>parum</strong></span> 
     </span>
     <span class='ocr_line' id='line_1_14' title="bbox 38 1632 1010 1714; baseline 0.002 -24"><span class='ocrx_word' id='word_1_97' title='bbox 38 1632 202 1693; x_wconf 92' lang='lat' dir='ltr'><strong>commode</strong></span> <span class='ocrx_word' id='word_1_98' title='bbox 223 1632 291 1696; x_wconf 88' lang='lat' dir='ltr'><strong>fieri</strong></span> <span class='ocrx_word' id='word_1_99' title='bbox 303 1632 436 1713; x_wconf 89' lang='lat' dir='ltr'><strong>videtur,</strong></span> <span class='ocrx_word' id='word_1_100' title='bbox 457 1634 514 1696; x_wconf 90' lang='lat' dir='ltr'><strong>etsi</strong></span> <span class='ocrx_word' id='word_1_101' title='bbox 528 1634 596 1696; x_wconf 90' lang='lat' dir='ltr'><strong>fieri</strong></span> <span class='ocrx_word' id='word_1_102' title='bbox 609 1633 749 1714; x_wconf 88' lang='lat' dir='ltr'><strong>potuisse</strong></span> <span class='ocrx_word' id='word_1_103' title='bbox 763 1652 830 1695; x_wconf 92' lang='lat' dir='ltr'><strong>non</strong></span> <span class='ocrx_word' id='word_1_104' title='bbox 843 1649 1010 1712; x_wconf 79' lang='lat' dir='ltr'><strong>negamus3</strong></span> 
     </span>
     <span class='ocr_line' id='line_1_15' title="bbox 37 1721 1010 1808; baseline 0.005 -25"><span class='ocrx_word' id='word_1_105' title='bbox 37 1725 88 1786; x_wconf 92' lang='lat' dir='ltr'><strong>sed</strong></span> <span class='ocrx_word' id='word_1_106' title='bbox 111 1741 224 1806; x_wconf 88' lang='lat' dir='ltr'><strong>poetae</strong></span> <span class='ocrx_word' id='word_1_107' title='bbox 254 1728 376 1790; x_wconf 92' lang='lat' dir='ltr'><strong>consilii</strong></span> <span class='ocrx_word' id='word_1_108' title='bbox 404 1729 558 1791; x_wconf 93' lang='lat' dir='ltr'><strong>indicium</strong></span> <span class='ocrx_word' id='word_1_109' title='bbox 589 1721 742 1789; x_wconf 89' lang='lat' dir='ltr'><strong>habemus</strong></span> <span class='ocrx_word' id='word_1_110' title='bbox 773 1727 860 1808; x_wconf 91' lang='lat' dir='ltr'><strong>quod</strong></span> <span class='ocrx_word' id='word_1_111' title='bbox 891 1727 1010 1806; x_wconf 90' lang='lat' dir='ltr'><strong>ubique</strong></span> 
     </span>
     <span class='ocr_line' id='line_1_16' title="bbox 38 1822 1011 1904; baseline 0.003 -25"><span class='ocrx_word' id='word_1_112' title='bbox 38 1835 186 1881; x_wconf 88' lang='lat' dir='ltr'><strong>certarum</strong></span> <span class='ocrx_word' id='word_1_113' title='bbox 216 1824 402 1884; x_wconf 90' lang='lat' dir='ltr'><strong>umbrarum</strong></span> <span class='ocrx_word' id='word_1_114' title='bbox 433 1823 590 1904; x_wconf 90' lang='lat' dir='ltr'><strong>copiosius</strong></span> <span class='ocrx_word' id='word_1_115' title='bbox 620 1838 834 1885; x_wconf 89' lang='lat' dir='ltr'><strong>enarratarum</strong></span> <span class='ocrx_word' id='word_1_116' title='bbox 867 1822 1011 1901; x_wconf 89' lang='lat' dir='ltr'><strong>exempla</strong></span> 
     </span>
    </p>

    <p class='ocr_par' dir='ltr' id='par_1_4' title="bbox 10 1915 1011 1998">
     <span class='ocr_line' id='line_1_17' title="bbox 10 1915 1011 1998; baseline 0.003 -25"><span class='ocrx_word' id='word_1_117' title='bbox 10 1939 11 1952; x_wconf 52' lang='lat'>¹</span> <span class='ocrx_word' id='word_1_118' title='bbox 37 1933 178 1976; x_wconf 90' lang='lat' dir='ltr'><strong>versuum</strong></span> <span class='ocrx_word' id='word_1_119' title='bbox 200 1915 316 1978; x_wconf 86' lang='lat' dir='ltr'><strong>finibus</strong></span> <span class='ocrx_word' id='word_1_120' title='bbox 337 1917 493 1996; x_wconf 84' lang='lat' dir='ltr'><strong>describit,</strong></span> <span class='ocrx_word' id='word_1_121' title='bbox 518 1937 621 1998; x_wconf 88' lang='lat' dir='ltr'><strong>neque</strong></span> <span class='ocrx_word' id='word_1_122' title='bbox 648 1937 723 1979; x_wconf 90' lang='lat' dir='ltr'><strong>vero</strong></span> <span class='ocrx_word' id='word_1_123' title='bbox 744 1933 816 1997; x_wconf 92' lang='lat' dir='ltr'><strong>post</strong></span> <span class='ocrx_word' id='word_1_124' title='bbox 834 1937 863 1978; x_wconf 91' lang='lat' dir='ltr'><strong>v.</strong></span> <span class='ocrx_word' id='word_1_125' title='bbox 878 1935 936 1995; x_wconf 83' lang='lat'><strong>²44</strong></span> <span class='ocrx_word' id='word_1_126' title='bbox 955 1915 1011 1976; x_wconf 88' lang='lat' dir='ltr'><strong>ad-</strong></span> 
     </span>
    </p>

    <p class='ocr_par' dir='ltr' id='par_1_5' title="bbox 10 2003 1011 2470">
     <span class='ocr_line' id='line_1_18' title="bbox 10 2003 1011 2093; baseline 0.003 -26"><span class='ocrx_word' id='word_1_127' title='bbox 10 2003 11 2014; x_wconf 74' lang='grc'>’</span> <span class='ocrx_word' id='word_1_128' title='bbox 38 2008 131 2070; x_wconf 94' lang='lat' dir='ltr'><strong>ditum</strong></span> <span class='ocrx_word' id='word_1_129' title='bbox 152 2009 191 2071; x_wconf 93' lang='lat' dir='ltr'><strong>de</strong></span> <span class='ocrx_word' id='word_1_130' title='bbox 212 2009 349 2092; x_wconf 89' lang='lat' dir='ltr'><strong>Sisypho</strong></span> <span class='ocrx_word' id='word_1_131' title='bbox 370 2013 542 2093; x_wconf 89' lang='lat' dir='ltr'><strong>quicquam</strong></span> <span class='ocrx_word' id='word_1_132' title='bbox 562 2011 784 2074; x_wconf 86' lang='lat' dir='ltr'><strong>desideramus.</strong></span> <span class='ocrx_word' id='word_1_133' title='bbox 817 2011 871 2072; x_wconf 90' lang='lat' dir='ltr'><strong>tali</strong></span> <span class='ocrx_word' id='word_1_134' title='bbox 892 2009 1011 2072; x_wconf 89' lang='lat' dir='ltr'><strong>delibe-</strong></span> 
     </span>
     <span class='ocr_line' id='line_1_19' title="bbox 38 2103 1011 2188; baseline 0.003 -26"><span class='ocrx_word' id='word_1_135' title='bbox 38 2103 147 2167; x_wconf 90' lang='lat' dir='ltr'><strong>ratione</strong></span> <span class='ocrx_word' id='word_1_136' title='bbox 174 2124 256 2185; x_wconf 92' lang='lat' dir='ltr'><strong>opus</strong></span> <span class='ocrx_word' id='word_1_137' title='bbox 283 2121 328 2168; x_wconf 90' lang='lat' dir='ltr'><strong>est</strong></span> <span class='ocrx_word' id='word_1_138' title='bbox 353 2107 505 2188; x_wconf 92' lang='lat' dir='ltr'><strong>quoniam</strong></span> <span class='ocrx_word' id='word_1_139' title='bbox 532 2107 564 2169; x_wconf 91' lang='lat' dir='ltr'><strong>in</strong></span> <span class='ocrx_word' id='word_1_140' title='bbox 584 2128 612 2168; x_wconf 90' lang='lat' dir='ltr'><strong>v.</strong></span> <span class='ocrx_word' id='word_1_141' title='bbox 628 2109 683 2186; x_wconf 83' lang='lat'><strong>245</strong></span> <span class='ocrx_word' id='word_1_142' title='bbox 705 2121 852 2187; x_wconf 90' lang='lat' dir='ltr'><strong>corrupta</strong></span> <span class='ocrx_word' id='word_1_143' title='bbox 872 2125 931 2167; x_wconf 93' lang='lat' dir='ltr'><strong>nos</strong></span> <span class='ocrx_word' id='word_1_144' title='bbox 950 2104 1011 2166; x_wconf 91' lang='lat' dir='ltr'><strong>im-</strong></span> 
     </span>
     <span class='ocr_line' id='line_1_20' title="bbox 38 2198 1009 2282; baseline 0.001 -23"><span class='ocrx_word' id='word_1_145' title='bbox 38 2199 115 2274; x_wconf 89' lang='lat' dir='ltr'><strong>pedit</strong></span> <span class='ocrx_word' id='word_1_146' title='bbox 144 2200 293 2262; x_wconf 86' lang='lat' dir='ltr'><strong>vocabuli</strong></span> <span class='ocrx_word' id='word_1_147' title='bbox 322 2201 440 2282; x_wconf 90' lang='lat' dir='ltr'><strong>species</strong></span> <span class='ocrx_word' id='word_1_148' title='bbox 469 2198 578 2264; x_wconf 79' lang='lat' dir='ltr'><strong>siblite.</strong></span> <span class='ocrx_word' id='word_1_149' title='bbox 632 2218 725 2282; x_wconf 89' lang='lat' dir='ltr'><strong>atque</strong></span> <span class='ocrx_word' id='word_1_150' title='bbox 756 2201 797 2263; x_wconf 88' lang='lat' dir='ltr'><strong>ad</strong></span> <span class='ocrx_word' id='word_1_151' title='bbox 826 2199 939 2262; x_wconf 89' lang='lat' dir='ltr'><strong>certius</strong></span> <span class='ocrx_word' id='word_1_152' title='bbox 970 2199 1009 2260; x_wconf 90' lang='lat' dir='ltr'><strong>de</strong></span> 
     </span>
     <span class='ocr_line' id='line_1_21' title="bbox 37 2293 1010 2377; baseline 0.006 -27"><span class='ocrx_word' id='word_1_153' title='bbox 37 2311 137 2354; x_wconf 82' lang='lat' dir='ltr'><strong>versus</strong></span> <span class='ocrx_word' id='word_1_154' title='bbox 164 2293 255 2356; x_wconf 89' lang='lat' dir='ltr'><strong>initio</strong></span> <span class='ocrx_word' id='word_1_155' title='bbox 275 2295 428 2358; x_wconf 90' lang='lat' dir='ltr'><strong>iudicium</strong></span> <span class='ocrx_word' id='word_1_156' title='bbox 454 2296 658 2377; x_wconf 87' lang='lat' dir='ltr'><strong>perducimur</strong></span> <span class='ocrx_word' id='word_1_157' title='bbox 678 2296 756 2358; x_wconf 93' lang='lat' dir='ltr'><strong>dum</strong></span> <span class='ocrx_word' id='word_1_158' title='bbox 776 2295 931 2358; x_wconf 89' lang='lat' dir='ltr'><strong>rationem</strong></span> <span class='ocrx_word' id='word_1_159' title='bbox 951 2295 1010 2356; x_wconf 93' lang='lat' dir='ltr'><strong>ob-</strong></span> 
     </span>
     <span class='ocr_line' id='line_1_22' title="bbox 38 2389 1011 2470; baseline 0.004 -25"><span class='ocrx_word' id='word_1_160' title='bbox 38 2405 189 2451; x_wconf 89' lang='lat' dir='ltr'><strong>servamus</strong></span> <span class='ocrx_word' id='word_1_161' title='bbox 213 2408 275 2469; x_wconf 91' lang='lat' dir='ltr'><strong>qua</strong></span> <span class='ocrx_word' id='word_1_162' title='bbox 297 2389 440 2452; x_wconf 85' lang='lat' dir='ltr'><strong>visorum</strong></span> <span class='ocrx_word' id='word_1_163' title='bbox 465 2389 610 2453; x_wconf 91' lang='lat' dir='ltr'><strong>ordinem</strong></span> <span class='ocrx_word' id='word_1_164' title='bbox 635 2391 725 2452; x_wconf 87' lang='lat' dir='ltr'><strong>culex</strong></span> <span class='ocrx_word' id='word_1_165' title='bbox 748 2390 881 2470; x_wconf 86' lang='lat' dir='ltr'><strong>profert:</strong></span> <span class='ocrx_word' id='word_1_166' title='bbox 912 2390 1011 2451; x_wconf 87' lang='lat' dir='ltr'><strong>fertur</strong></span> 
     </span>
    </p>

    <p class='ocr_par' dir='ltr' id='par_1_6' title="bbox 11 2481 1067 3700">
     <span class='ocr_line' id='line_1_23' title="bbox 11 2481 1010 2563; baseline 0.005 -23"><span class='ocrx_word' id='word_1_167' title='bbox 11 2481 97 2542; x_wconf 64' lang='lat' dir='ltr'><strong>*avia</strong></span> <span class='ocrx_word' id='word_1_168' title='bbox 127 2501 257 2562; x_wconf 86' lang='lat' dir='ltr'><strong>carpens</strong></span> <span class='ocrx_word' id='word_1_169' title='bbox 289 2485 391 2563; x_wconf 71' lang='lat'><strong>(231),</strong></span> <span class='ocrx_word' id='word_1_170' title='bbox 427 2500 559 2548; x_wconf 90' lang='lat' dir='ltr'><strong>terretur</strong></span> <span class='ocrx_word' id='word_1_171' title='bbox 594 2486 686 2547; x_wconf 89' lang='lat' dir='ltr'><strong>tantis</strong></span> <span class='ocrx_word' id='word_1_172' title='bbox 717 2485 838 2547; x_wconf 90' lang='lat' dir='ltr'><strong>umbris</strong></span> <span class='ocrx_word' id='word_1_173' title='bbox 869 2485 1010 2546; x_wconf 88' lang='lat' dir='ltr'><strong>insistere</strong></span> 
     </span>
     <span class='ocr_line' id='line_1_24' title="bbox 39 2575 1010 2659; baseline 0.003 -24"><span class='ocrx_word' id='word_1_174' title='bbox 39 2575 105 2655; x_wconf 82' lang='lat'><strong>(239,</strong></span> <span class='ocrx_word' id='word_1_175' title='bbox 131 2576 170 2638; x_wconf 90' lang='lat' dir='ltr'><strong>cf.</strong></span> <span class='ocrx_word' id='word_1_176' title='bbox 197 2577 353 2656; x_wconf 75' lang='lat' dir='ltr'><strong>Manias,</strong></span> <span class='ocrx_word' id='word_1_177' title='bbox 377 2582 432 2659; x_wconf 82' lang='grc'><strong>577</strong></span> <span class='ocrx_word' id='word_1_178' title='bbox 456 2599 518 2641; x_wconf 87' lang='lat' dir='ltr'><strong>non</strong></span> <span class='ocrx_word' id='word_1_179' title='bbox 541 2580 671 2642; x_wconf 69' lang='lat' dir='ltr'><strong>terrebis</strong></span> <span class='ocrx_word' id='word_1_180' title='bbox 694 2580 763 2658; x_wconf 81' lang='lat' dir='ltr'><strong>ire),</strong></span> <span class='ocrx_word' id='word_1_181' title='bbox 794 2579 854 2640; x_wconf 93' lang='lat' dir='ltr'><strong>alia</strong></span> <span class='ocrx_word' id='word_1_182' title='bbox 882 2577 1010 2659; x_wconf 85' lang='lat' dir='ltr'><strong>agmina</strong></span> 
     </span>
     <span class='ocr_line' id='line_1_25' title="bbox 38 2669 1067 2754; baseline 0.006 -26"><span class='ocrx_word' id='word_1_183' title='bbox 38 2669 133 2734; x_wconf 88' lang='lat' dir='ltr'><strong>videre</strong></span> <span class='ocrx_word' id='word_1_184' title='bbox 160 2673 283 2752; x_wconf 89' lang='lat' dir='ltr'><strong>cogitur</strong></span> <span class='ocrx_word' id='word_1_185' title='bbox 306 2675 393 2752; x_wconf 81' lang='grc'>(248),</span> <span class='ocrx_word' id='word_1_186' title='bbox 424 2693 600 2754; x_wconf 89' lang='lat' dir='ltr'><strong>numquam</strong></span> <span class='ocrx_word' id='word_1_187' title='bbox 625 2674 739 2737; x_wconf 89' lang='lat' dir='ltr'><strong>mutari</strong></span> <span class='ocrx_word' id='word_1_188' title='bbox 764 2674 906 2736; x_wconf 87' lang='lat' dir='ltr'><strong>laborem</strong></span> <span class='ocrx_word' id='word_1_189' title='bbox 932 2692 1011 2753; x_wconf 88' lang='lat' dir='ltr'><strong>que·</strong></span> <span class='ocrx_word' id='word_1_190' title='bbox 1063 2729 1067 2734; x_wconf 88' lang='lat'>.</span> 
     </span>
     <span class='ocr_line' id='line_1_26' title="bbox 39 2765 1010 2849; baseline 0.004 -25"><span class='ocrx_word' id='word_1_191' title='bbox 39 2765 106 2828; x_wconf 88' lang='lat' dir='ltr'><strong>ritur</strong></span> <span class='ocrx_word' id='word_1_192' title='bbox 126 2769 205 2847; x_wconf 81' lang='grc'>(258)</span> <span class='ocrx_word' id='word_1_193' title='bbox 231 2788 257 2832; x_wconf 88' lang='lat' dir='ltr'><strong>e.</strong></span> <span class='ocrx_word' id='word_1_194' title='bbox 274 2789 303 2849; x_wconf 87' lang='lat' dir='ltr'><strong>q.</strong></span> <span class='ocrx_word' id='word_1_195' title='bbox 318 2790 341 2831; x_wconf 92' lang='lat' dir='ltr'><strong>s.</strong></span> <span class='ocrx_word' id='word_1_196' title='bbox 372 2769 411 2829; x_wconf 91' lang='lat' dir='ltr'><strong>ad</strong></span> <span class='ocrx_word' id='word_1_197' title='bbox 437 2787 509 2831; x_wconf 90' lang='lat' dir='ltr'><strong>eum</strong></span> <span class='ocrx_word' id='word_1_198' title='bbox 539 2769 689 2831; x_wconf 91' lang='lat' dir='ltr'><strong>orationis</strong></span> <span class='ocrx_word' id='word_1_199' title='bbox 719 2785 847 2831; x_wconf 86' lang='lat' dir='ltr'><strong>cursum</strong></span> <span class='ocrx_word' id='word_1_200' title='bbox 876 2768 1010 2848; x_wconf 89' lang='lat' dir='ltr'><strong>pertinet</strong></span> 
     </span>
     <span class='ocr_line' id='line_1_27' title="bbox 39 2860 1010 2945; baseline 0.002 -26"><span class='ocrx_word' id='word_1_201' title='bbox 39 2860 91 2922; x_wconf 77' lang='lat' dir='ltr'><strong>nteit</strong></span> <span class='ocrx_word' id='word_1_202' title='bbox 110 2871 310 2943; x_wconf 77' lang='lat' dir='ltr'><strong>quaerentem</strong></span> <span class='ocrx_word' id='word_1_203' title='bbox 324 2864 467 2942; x_wconf 83' lang='lat' dir='ltr'><strong>frustra,</strong></span> <span class='ocrx_word' id='word_1_204' title='bbox 493 2879 523 2925; x_wconf 92' lang='lat' dir='ltr'><strong>et</strong></span> <span class='ocrx_word' id='word_1_205' title='bbox 548 2863 599 2926; x_wconf 89' lang='lat' dir='ltr'><strong>hic</strong></span> <span class='ocrx_word' id='word_1_206' title='bbox 619 2883 748 2945; x_wconf 91' lang='lat' dir='ltr'><strong>quoque</strong></span> <span class='ocrx_word' id='word_1_207' title='bbox 768 2881 878 2925; x_wconf 88' lang='lat' dir='ltr'><strong>sensus</strong></span> <span class='ocrx_word' id='word_1_208' title='bbox 898 2861 1010 2941; x_wconf 85' lang='lat' dir='ltr'><strong>Vergi-</strong></span> 
     </span>
     <span class='ocr_line' id='line_1_28' title="bbox 39 2953 1008 3038; baseline 0.003 -26"><span class='ocrx_word' id='word_1_209' title='bbox 39 2953 129 3018; x_wconf 91' lang='lat' dir='ltr'><strong>lianus</strong></span> <span class='ocrx_word' id='word_1_210' title='bbox 142 2973 202 3019; x_wconf 85' lang='lat' dir='ltr'><strong>est:</strong></span> <span class='ocrx_word' id='word_1_211' title='bbox 222 2958 412 3038; x_wconf 79' lang='lat' dir='ltr'><strong>quofessum</strong></span> <span class='ocrx_word' id='word_1_212' title='bbox 424 2957 546 3038; x_wconf 59' lang='lat' dir='ltr'><strong>rapt&#39;ttsst,</strong></span> <span class='ocrx_word' id='word_1_213' title='bbox 561 2957 675 3022; x_wconf 74' lang='lat' dir='ltr'><strong>Fabii?</strong></span> <span class='ocrx_word' id='word_1_214' title='bbox 689 2959 726 3037; x_wconf 75' lang='grc' dir='ltr'><strong>(ὁ,</strong></span> <span class='ocrx_word' id='word_1_215' title='bbox 740 2959 818 3036; x_wconf 82' lang='grc'>845),</span> <span class='ocrx_word' id='word_1_216' title='bbox 835 2958 1008 3018; x_wconf 89' lang='lat' dir='ltr'><strong>verborum</strong></span> 
     </span>
     <span class='ocr_line' id='line_1_29' title="bbox 40 3050 1008 3133; baseline 0 -22"><span class='ocrx_word' id='word_1_217' title='bbox 40 3051 143 3127; x_wconf 89' lang='lat' dir='ltr'><strong>positio</strong></span> <span class='ocrx_word' id='word_1_218' title='bbox 166 3050 270 3132; x_wconf 91' lang='lat' dir='ltr'><strong>qualis</strong></span> <span class='ocrx_word' id='word_1_219' title='bbox 289 3050 385 3112; x_wconf 88' lang='lat' dir='ltr'><strong>Ovidi</strong></span> <span class='ocrx_word' id='word_1_220' title='bbox 405 3051 481 3113; x_wconf 88' lang='lat' dir='ltr'><strong>trist.</strong></span> <span class='ocrx_word' id='word_1_221' title='bbox 504 3053 530 3130; x_wconf 85' lang='lat'><strong>3,</strong></span> <span class='ocrx_word' id='word_1_222' title='bbox 555 3073 578 3126; x_wconf 87' lang='lat' dir='ltr'><strong>t,</strong></span> <span class='ocrx_word' id='word_1_223' title='bbox 599 3054 637 3132; x_wconf 87' lang='lat'><strong>67</strong></span> <span class='ocrx_word' id='word_1_224' title='bbox 661 3059 859 3133; x_wconf 76' lang='lat' dir='ltr'><strong>qreaerentem</strong></span> <span class='ocrx_word' id='word_1_225' title='bbox 873 3051 1008 3130; x_wconf 76' lang='lat' dir='ltr'><strong>frustra</strong></span> 
     </span>
     <span class='ocr_line' id='line_1_30' title="bbox 40 3143 1010 3209; baseline 0.002 -7"><span class='ocrx_word' id='word_1_226' title='bbox 40 3155 178 3209; x_wconf 78' lang='lat' dir='ltr'><strong>custos-</strong></span> <span class='ocrx_word' id='word_1_227' title='bbox 192 3143 285 3208; x_wconf 84' lang='lat' dir='ltr'><strong>iussit</strong></span> <span class='ocrx_word' id='word_1_228' title='bbox 300 3144 399 3207; x_wconf 79' lang='lat' dir='ltr'><strong>abire.</strong></span> <span class='ocrx_word' id='word_1_229' title='bbox 439 3147 502 3208; x_wconf 93' lang='lat' dir='ltr'><strong>hoc</strong></span> <span class='ocrx_word' id='word_1_230' title='bbox 527 3146 685 3209; x_wconf 89' lang='lat' dir='ltr'><strong>intellecto</strong></span> <span class='ocrx_word' id='word_1_231' title='bbox 711 3144 901 3209; x_wconf 88' lang='lat' dir='ltr'><strong>emendandi</strong></span> <span class='ocrx_word' id='word_1_232' title='bbox 921 3144 1010 3205; x_wconf 90' lang='lat' dir='ltr'><strong>nulla</strong></span> 
     </span>
     <span class='ocr_line' id='line_1_31' title="bbox 41 3237 1006 3321; baseline 0.001 -23"><span class='ocrx_word' id='word_1_233' title='bbox 41 3256 76 3302; x_wconf 91' lang='lat' dir='ltr'><strong>est</strong></span> <span class='ocrx_word' id='word_1_234' title='bbox 95 3239 291 3321; x_wconf 88' lang='lat' dir='ltr'><strong>ambiguitas,</strong></span> <span class='ocrx_word' id='word_1_235' title='bbox 311 3239 469 3320; x_wconf 88' lang='lat' dir='ltr'><strong>siquidem</strong></span> <span class='ocrx_word' id='word_1_236' title='bbox 492 3240 532 3303; x_wconf 82' lang='lat' dir='ltr'><strong>ite</strong></span> <span class='ocrx_word' id='word_1_237' title='bbox 544 3240 678 3320; x_wconf 78' lang='lat' dir='ltr'><strong>puellae,</strong></span> <span class='ocrx_word' id='word_1_238' title='bbox 705 3241 745 3303; x_wconf 81' lang='lat' dir='ltr'><strong>ite</strong></span> <span class='ocrx_word' id='word_1_239' title='bbox 770 3239 847 3321; x_wconf 91' lang='lat' dir='ltr'><strong>quin</strong></span> <span class='ocrx_word' id='word_1_240' title='bbox 866 3237 1006 3302; x_wconf 87' lang='lat' dir='ltr'><strong>sermoni</strong></span> 
     </span>
     <span class='ocr_line' id='line_1_32' title="bbox 41 3334 1007 3416; baseline 0.003 -23"><span class='ocrx_word' id='word_1_241' title='bbox 41 3335 120 3398; x_wconf 90' lang='lat' dir='ltr'><strong>unice</strong></span> <span class='ocrx_word' id='word_1_242' title='bbox 151 3335 340 3398; x_wconf 82' lang='lat' dir='ltr'><strong>satisfaceret</strong></span> <span class='ocrx_word' id='word_1_243' title='bbox 371 3349 442 3416; x_wconf 90' lang='lat' dir='ltr'><strong>post</strong></span> <span class='ocrx_word' id='word_1_244' title='bbox 466 3335 624 3397; x_wconf 90' lang='lat' dir='ltr'><strong>Bembum</strong></span> <span class='ocrx_word' id='word_1_245' title='bbox 653 3336 747 3416; x_wconf 90' lang='lat' dir='ltr'><strong>pauci</strong></span> <span class='ocrx_word' id='word_1_246' title='bbox 770 3334 1007 3410; x_wconf 80' lang='lat' dir='ltr'><strong>dubitaverun13</strong></span> 
     </span>
     <span class='ocr_line' id='line_1_33' title="bbox 41 3427 1008 3511; baseline 0.003 -24"><span class='ocrx_word' id='word_1_247' title='bbox 41 3427 222 3494; x_wconf 88' lang='lat' dir='ltr'><strong>desideratur</strong></span> <span class='ocrx_word' id='word_1_248' title='bbox 240 3433 375 3492; x_wconf 85' lang='lat' dir='ltr'><strong>verbum</strong></span> <span class='ocrx_word' id='word_1_249' title='bbox 395 3431 479 3492; x_wconf 92' lang='lat' dir='ltr'><strong>unde</strong></span> <span class='ocrx_word' id='word_1_250' title='bbox 504 3437 701 3511; x_wconf 78' lang='lat' dir='ltr'><strong>quaerentem</strong></span> <span class='ocrx_word' id='word_1_251' title='bbox 721 3428 864 3509; x_wconf 90' lang='lat' dir='ltr'><strong>pendeat,</strong></span> <span class='ocrx_word' id='word_1_252' title='bbox 888 3444 918 3490; x_wconf 89' lang='lat' dir='ltr'><strong>et</strong></span> <span class='ocrx_word' id='word_1_253' title='bbox 938 3449 1008 3490; x_wconf 85' lang='lat' dir='ltr'><strong>ver·</strong></span> 
     </span>
     <span class='ocr_line' id='line_1_34' title="bbox 41 3523 1006 3608; baseline 0.004 -26"><span class='ocrx_word' id='word_1_254' title='bbox 41 3523 106 3588; x_wconf 91' lang='lat' dir='ltr'><strong>bum</strong></span> <span class='ocrx_word' id='word_1_255' title='bbox 126 3526 257 3608; x_wconf 89' lang='lat' dir='ltr'><strong>quidem</strong></span> <span class='ocrx_word' id='word_1_256' title='bbox 277 3525 512 3606; x_wconf 88' lang='lat' dir='ltr'><strong>imperativum:</strong></span> <span class='ocrx_word' id='word_1_257' title='bbox 534 3525 660 3586; x_wconf 92' lang='lat' dir='ltr'><strong>nullum</strong></span> <span class='ocrx_word' id='word_1_258' title='bbox 680 3538 762 3586; x_wconf 85' lang='lat' dir='ltr'><strong>extat</strong></span> <span class='ocrx_word' id='word_1_259' title='bbox 774 3523 1006 3604; x_wconf 82' lang='lat' dir='ltr'><strong>praeterse&#39;nite.</strong></span> 
     </span>
     <span class='ocr_line' id='line_1_35' title="bbox 42 3617 1005 3700; baseline 0.004 -23"><span class='ocrx_word' id='word_1_260' title='bbox 42 3635 88 3682; x_wconf 89' lang='lat' dir='ltr'><strong>nec</strong></span> <span class='ocrx_word' id='word_1_261' title='bbox 108 3622 225 3684; x_wconf 90' lang='lat' dir='ltr'><strong>mirum</strong></span> <span class='ocrx_word' id='word_1_262' title='bbox 246 3620 334 3700; x_wconf 92' lang='lat' dir='ltr'><strong>quod</strong></span> <span class='ocrx_word' id='word_1_263' title='bbox 355 3640 392 3682; x_wconf 88' lang='lat' dir='ltr'><strong>ex</strong></span> <span class='ocrx_word' id='word_1_264' title='bbox 412 3619 502 3682; x_wconf 60' lang='lat' dir='ltr'><strong>sinete</strong></span> <span class='ocrx_word' id='word_1_265' title='bbox 522 3619 561 3682; x_wconf 82' lang='lat' dir='ltr'><strong>ite</strong></span> <span class='ocrx_word' id='word_1_266' title='bbox 580 3618 633 3682; x_wconf 88' lang='lat' dir='ltr'><strong>illa</strong></span> <span class='ocrx_word' id='word_1_267' title='bbox 646 3618 765 3699; x_wconf 89' lang='lat' dir='ltr'><strong>species</strong></span> <span class='ocrx_word' id='word_1_268' title='bbox 783 3619 879 3681; x_wconf 89' lang='lat' dir='ltr'><strong>evasit</strong></span> <span class='ocrx_word' id='word_1_269' title='bbox 898 3617 1005 3682; x_wconf 70' lang='lat' dir='ltr'><strong>sibliae.</strong></span> 
     </span>
    </p>
   </div>
   <div class='ocr_carea' id='block_1_3' title="bbox 0 0 1274 4202">
    <p class='ocr_par' dir='ltr' id='par_1_7' title="bbox 0 0 1274 4202">
     <span class='ocr_line' id='line_1_36' title="bbox 0 0 1274 4202; baseline 0 0"><span class='ocrx_word' id='word_1_270' title='bbox 0 0 1274 4202; x_wconf 95' lang='lat' dir='ltr'><strong> </strong></span> 
     </span>
    </p>
   </div>
  </div>
 </body>
</html>
