2536 4200
446 236 489 281 au
504 235 531 281 v.
544 236 622 290 arr-n
984 256 1019 315 4¹

77 412 168 474 dicitur
194 417 273 477 enim
304 417 365 479 hoc
400 421 440 478 ‘et
471 416 574 498 fulgor
607 415 748 496 lapidum
779 415 864 477 nulla
893 416 1024 480 utilitate

76 509 195 587 cognitus
215 511 288 589 erit'‚
307 512 362 572 sed
383 529 448 591 quo
469 511 618 572 intentior
638 509 691 571 liat
714 525 744 571 et
764 509 949 572 obstinatior
968 531 1023 573 ne·

73 601 150 678 gano,
174 603 356 686 ‘incognitus
376 605 502 668 manet)
543 626 570 666 v.
591 625 614 666 s.
635 604 675 665 ad
695 624 723 664 ν.
746 603 791 664 38.
831 604 886 667 sed
911 606 973 668 hoc
998 605 1024 667 si

72 695 227 776 accipimus,
251 700 292 762 ita
313 699 455 779 loquitur
480 715 641 779 tamquam
670 697 737 759 aliis
758 698 940 761 hominibus
961 700 1025 761 ulla

72 790 181 854 utilitate
201 794 317 874 cogniti
338 794 399 856 sint
418 794 537 874 lapides
557 793 685 874 pretiosi
706 793 899 872 (nigratum
915 795 958 856 eis
979 809 1025 856 est

70 885 179 947 Alconis
197 891 359 967 toreuma),
381 907 454 950 curn
475 888 536 949 hoc
557 888 660 950 dicere
680 903 773 967 poeta
794 888 877 967 velit,
904 890 1024 952 nullam

70 981 181 1044 omnino
192 1003 245 1045 eos
260 982 425 1045 utilitatem
437 983 561 1054 habere,
577 983 632 1044 sed
647 983 788 1045 luxuriae
798 982 1024 1062 supellectilem

69 1092 121 1134 esse
139 1075 287 1139 inutilem.
328 1077 411 1138 idem
437 1075 476 1138 de
497 1077 662 1140 Schraderi
689 1077 868 1140 coniectura
888 1079 969 1140 valet
994 1094 1024 1140 et

67 1169 210 1232 similibus.
252 1171 290 1232 cf.
312 1172 403 1233 Lucr.
427 1174 453 1249 5,
479 1173 550 1250 1273
571 1181 637 1234 tum
650 1171 776 1252 suiten
793 1172 896 1252 prete'a
920 1173 1025 1253 magar

66 1283 312 1347 aerearumque
336 1263 458 1328 tacebat
475 1275 608 1346 propter
631 1265 835 1330 inutilitatem.
877 1282 969 1328 restat
990 1283 1024 1329 ut

65 1377 126 1420 cum
138 1360 258 1441 Silligio
278 1361 420 1423 dicamus
440 1362 573 1422 verbum
587 1380 653 1423 non
667 1364 706 1423 ab
721 1361 787 1441 ipsa
801 1361 1023 1423 coniunctione
1098 1432 1101 1436 ,

64 1453 267 1532 condicionali,
297 1454 353 1516 sed
378 1456 405 1516 ‘a
427 1454 459 1518 si
479 1475 539 1518 non
563 1455 711 1536 pendere,
737 1453 827 1516 cuius
850 1455 1024 1534 negationis

37 1601 39 1606 .
62 1545 99 1606 vis
111 1548 140 1609 in
154 1549 232 1610 illud
246 1549 397 1610 transeat'.
435 1567 501 1628 quo
514 1563 620 1611 tamen
635 1569 671 1611 ea
685 1549 857 1620 obscuritas
871 1549 1025 1611 sermonis

62 1641 148 1702 oritur
166 1662 263 1723 quam
289 1643 412 1704 homini
437 1642 534 1705 latino
562 1643 717 1724 imputare
736 1663 852 1705 verear.
893 1663 969 1722 ergo
995 1659 1025 1705 et

60 1737 260 1800 assensionem
287 1737 421 1800 cohibeo
447 1753 477 1800 et
502 1738 668 1814 iudicium,
693 1753 815 1800 tantum
836 1738 907 1799 dico
927 1740 1024 1799 verbo

57 1847 118 1907 post
137 1832 214 1894 illud
235 1841 332 1913 anget
353 1833 440 1894 nullo
465 1851 545 1913 opus
570 1853 636 1894 esse
662 1849 692 1894 et
716 1832 853 1894 dilucida
873 1832 980 1893 omnia
1000 1833 1025 1893 si

56 1925 159 1988 scribas
184 1925 327 2008 lapidum
350 1946 404 1990 nec
423 1927 541 2008 fulgor
571 1928 602 1990 e'n
633 1925 700 1989 alla
728 1927 867 2007 cog-natus
896 1925 1026 1989 utilitate

55 2017 169 2085 homini.
211 2021 280 2082 talis
302 2021 396 2101 igitur
417 2023 606 2085 emendandi
626 2022 706 2083 ratio
726 2021 751 2082 si
772 2040 837 2082 non
852 2021 964 2097 verior,
985 2020 1024 2082 ad

54 2115 180 2178 veritatis
194 2117 434 2181 similitudinem
454 2118 531 2179 mihi
552 2117 676 2178 videtur
696 2136 762 2178 esse
777 2117 971 2197 propensior.
987 2151 1024 2160 -

53 2211 145 2290 pergit
170 2232 226 2274 nea
245 2212 358 2293 pocula
379 2222 513 2294 gratum
539 2210 666 2273 Ahom's
695 2211 836 2291 referent
856 2210 1024 2291 Boethique
1037 2231 1101 2275 taor

52 2312 195 2379 toreuma,
216 2301 272 2368 ubi
287 2317 421 2386 graham
442 2307 526 2370 idem
546 2308 606 2369 sibi
626 2308 693 2369 vult
717 2308 805 2388 quod
829 2327 846 2369 e
867 2305 1024 2368 contrario

52 2417 75 2457 v.
91 2401 127 2466 76
147 2400 199 2463 ilh'
221 2410 295 2462 suat
311 2411 431 2483 gratae
455 2411 600 2464 rorantes
624 2400 701 2464 lacte
725 2401 868 2481 capellae.
912 2400 1026 2464 Boethi

51 2495 184 2568 nomini,v
201 2495 290 2574 quod
309 2495 376 2558 iure
395 2497 546 2559 mirabilis
560 2497 718 2559 videretur
737 2497 885 2577 synizesis
906 2509 1025 2558 etcum

50 2590 166 2652 Alcone
189 2609 256 2651 non
275 2605 345 2670 apte
360 2593 510 2672 componi
523 2593 613 2653 illum
627 2591 837 2669 arbitraretur,
859 2592 1025 2652 Rhoecum

48 2686 207 2747 substituit
236 2685 458 2749 Lachmannus
488 2687 527 2748 ad
558 2687 650 2749 Lucr.
678 2705 704 2760 2,
740 2687 823 2748 1061.
873 2686 928 2748 sed
958 2686 1026 2747 iure

49 2779 261 2843 Buechelerus
295 2797 388 2862 negat
418 2781 556 2861 intellegi
592 2782 646 2861 qui
678 2801 796 2843 nomen
831 2780 1025 2843 celeberrimi

47 2875 209 2937 caelatoris
239 2875 345 2937 venire
376 2876 408 2937 in
439 2876 563 2938 codices
593 2877 731 2956 potuerit
762 2875 820 2937 nisi
851 2875 983 2935 inlatum
1008 2893 1026 2933 a

47 2986 152 3047 poeta;
176 2985 211 3032 ut
232 2970 264 3030 in
286 2971 505 3032 contrahendis
526 2973 687 3034 vocabulis
707 2992 772 3034 non
794 2971 898 3031 minus
918 2967 1026 3046 singu·

45 3065 107 3127 lare
139 3067 201 3128 hoc
233 3066 413 3145 exemplum
444 3066 602 3127 admiserit
633 3085 729 3146 quam
759 3067 792 3126 in
819 3061 1026 3124 distrahendis

46 3159 123 3221 illud
137 3160 339 3241 trisyllabum
359 3159 391 3220 in
406 3161 517 3240 quinto
531 3180 639 3221 versus
653 3160 733 3239 pede
751 3157 893 3238 Orpheus
907 3159 944 3235 (v.
964 3175 1025 3235 1¹7·

45 3255 111 3333 269)
147 3253 214 3315 sive
248 3253 341 3315 licere
374 3254 459 3316 idem
492 3253 550 3315 sibi
585 3254 738 3333 putaverit
771 3252 858 3332 quod
891 3252 1026 3313 Varroni

44 3348 182 3410 Atacino
214 3348 246 3410 in
275 3349 480 3410 Phaethontis
509 3348 665 3409 vocabulo
697 3344 858 3423 (deiectum
877 3346 1025 3426 fulmine,

44 3441 222 3515 Phaethon,
244 3443 282 3504 cf.
299 3433 406 3518 Quint.
423 3465 445 3522 1,
469 3446 494 3520 5,
519 3444 566 3518 183
588 3439 810 3502 Phaethontem
830 3441 1025 3524 trisyllabum

45 3537 198 3600 Manilius
230 3559 252 3615 r,
283 3539 352 3616 7363
384 3537 421 3599 cf.
449 3537 670 3599 Lachmannus
700 3536 738 3596 ad
769 3535 860 3596 Lucr.
891 3555 918 3612 2,
949 3536 1025 3614 693).
