2528 4202
430 321 475 366 no
491 321 517 367 v,
533 321 634 378 rsa-194
796 285 806 295 ’
983 323 1021 402 ⁶7

51 501 109 579 546.
125 500 199 580 578).
240 500 320 562 illud
341 499 468 563 difficile
489 517 534 563 est
548 501 721 564 diiudicata
734 502 767 562 in
781 501 899 564 incerta
912 502 1023 564 ortho-

49 596 191 676 graphiae
226 594 431 672 condicione‚
466 610 572 656 utrum
602 615 706 658 omnes
735 616 843 659 sennes
872 595 1023 678 coniungi

49 691 176 752 voluerit
189 706 285 772 poeta
304 709 344 752 an
364 690 465 752 omnis
483 690 620 771 spirims.
662 710 773 753 omnes
786 711 895 752 sensus
910 690 1022 753 dixerit

48 800 79 845 ut
92 785 256 848 Lucretius
273 806 301 846 v.
316 805 338 846 s.
354 793 466 864 corpus
485 793 574 846 caret
589 783 724 866 undique
742 805 843 859 sensu,
863 800 898 847 ut
917 787 943 862 3,
967 788 1023 866 504

47 888 74 940 et
88 879 188 942 omnis
201 879 360 961 paulatim
378 878 464 941 redit
481 878 641 941 intensus
659 880 860 961 animamque
879 889 1021 960 receptat,

48 973 146 1054 ct695
162 995 208 1055 sq.
230 974 286 1036 ubi
305 975 428 1044 animae
449 991 514 1034 non
532 992 624 1052 posse
643 994 676 1036 se
696 974 855 1036 exsolvere
875 974 1023 1037 dicuntur

46 1067 182 1130 omnibns
200 1088 218 1130 e
236 1069 343 1132 nervis
361 1078 452 1149 atque
467 1067 587 1131 ossibus
599 1068 800 1150 arn'cnltsqne
813 1070 851 1131 cs.
866 1089 894 1148 2,
908 1089 967 1150 944
976 1091 1021 1151 sq.

46 1163 80 1223 de
93 1165 266 1224 verborum
279 1163 420 1242 positura
430 1162 501 1224 vide
513 1185 541 1225 v.
549 1184 587 1243 90
597 1183 702 1227 omnes
713 1163 898 1246 dere'gt'tlrnc
906 1183 1021 1228 sensus.

46 1258 95 1319 sed
115 1275 247 1320 omnem
267 1256 412 1336 spiritum
438 1276 504 1320 non
528 1259 633 1321 minus
654 1274 724 1340 apte
745 1259 864 1322 dictum
885 1259 1024 1321 vindicat

47 1367 74 1413 et
87 1351 253 1415 Lucretius
268 1352 305 1429 (3,
327 1352 383 1413 218
405 1352 509 1414 enanis
525 1352 580 1416 nbi
596 1362 686 1416 etate
705 1353 771 1416 iam
784 1364 913 1434 corpere
926 1353 1022 1428 cessit,

48 1448 98 1524 546
120 1444 278 1508 dementem
303 1455 399 1509 tetum
422 1447 529 1527 magis
558 1467 596 1509 ac
620 1447 726 1528 magt's
754 1446 889 1528 undique
916 1468 1025 1511 sensns

46 1539 152 1620 deficit)
181 1557 211 1602 et
237 1540 365 1622 Epicuri
390 1540 430 1602 de
454 1561 568 1604 somno
594 1542 737 1604 doctrina
768 1542 836 1622 (frg.
858 1543 923 1604 311.
947 1544 1022 1622 325),

47 1635 79 1696 cf.
90 1636 184 1697 Lucr.
194 1655 224 1714 4,
235 1637 292 1715 916
303 1657 363 1717 sq.:
378 1671 415 1680 —
428 1656 553 1698 sensnm
566 1646 741 1716 cnmwsepor
754 1635 889 1715 impedit,
904 1671 941 1680 -
955 1637 1022 1699 ani-

45 1749 125 1792 mam
131 1730 355 1810 perturbatam
365 1751 430 1792 esse
432 1729 640 1810 putandumst
646 1731 832 1811 eiectamque
834 1731 935 1809 foras
939 1756 949 1792 .·
962 1752 1022 1794 non

46 1844 171 1897 omnem,
184 1843 320 1906 namque
333 1825 450 1888 eitcet‘et
459 1834 585 1888 aeterne
597 1834 710 1904 corpus
719 1823 884 1902 perfusum
888 1823 1022 1904 fregere

46 1917 99 1982 leti.
144 1919 186 1980 ad
212 1920 293 1981 hanc
320 1935 426 1982 autem
451 1919 716 2000 compositionem
747 1919 849 1999 aptius
880 1919 1020 1998 quadret,

45 2015 128 2093 quod
148 2013 277 2076 dimittes
296 2030 326 2077 et
346 2013 447 2076 omnis
466 2014 621 2076 vocabula
641 2013 726 2082 iuxta
746 2014 848 2094 posita
868 2029 941 2077 sunt
956 2014 1021 2076 vim

44 2129 129 2171 suam
151 2109 178 2170 si
199 2109 435 2190 coniunguntur
455 2109 590 2170 invicem
611 2108 766 2188 augentia.

115 2204 364 2284 Expergefactus
393 2220 499 2285 pastor
532 2220 562 2266 et
592 2218 762 2284 conspecto
792 2219 935 2283 serpente
967 2223 1099 2278 ex-tsasq.

43 2299 164 2360 territus
192 2298 286 2360 celeri
315 2312 406 2361 motu
437 2298 552 2378 refugit
582 2313 613 2361 et
643 2299 716 2360 facit
745 2299 834 2379 quod
864 2298 1022 2379 Vergilius
1074 2377 1076 2382 .

42 2393 189 2474 praecipit
210 2393 327 2472 (georg.
341 2393 367 2471 3,
386 2395 455 2472 420)
476 2403 551 2474 cape
569 2411 653 2454 saxa
672 2411 779 2466 mann,
800 2403 874 2474 cape
893 2393 1021 2465 robora,

40 2496 155 2564 pastor,
170 2486 382 2568 tollentemque
394 2488 499 2550 minas
512 2496 543 2549 et
552 2485 646 2550 sibila
656 2486 739 2550 ‘colla
753 2496 917 2550 trementem
931 2488 1020 2552 deice.

43 2583 288 2644 emendaverunt
298 2597 404 2647 autem
414 2583 555 2643 Bembus
568 2601 646 2644 orno
659 2602 688 2642 v.
699 2602 761 2661 192,
777 2583 916 2665 Scaliger
929 2604 957 2646 v.
968 2587 1020 2664 193

41 2674 71 2736 in
95 2677 252 2740 sententia
276 2676 351 2738 item
379 2676 418 2737 ad
443 2677 685 2740 ostentationem
702 2676 877 2756 'Epicureae
898 2679 1021 2759 sapien·
1035 2701 1073 2745 toa

41 2771 96 2834 tiae
127 2771 307 2852 composita
327 2771 390 2850 (cf.
412 2771 486 2832 Stat.
507 2770 611 2834 Theb.
636 2790 678 2848 aa,
701 2790 768 2850 420
792 2771 898 2834 stabat
918 2772 1022 2836 adleuc

41 2885 91 2928 seu
111 2867 205 2946 sorte
233 2858 333 2947 regns
360 2886 415 2929 sen
433 2864 570 2927 'numine
595 2864 721 2943 denum),
747 2866 799 2938 eni
826 2883 856 2927 et
875 2867 1020 2946 *sennenn

42 2960 198 3042 Hauptius
227 2960 340 3034 valuit,
371 2960 508 3041 denique
539 2959 612 3022 talis
641 2949 780 3040 Silligius
810 2981 838 3020 v.
868 2980 934 3040 194;
966 2963 1021 3042 qui
1035 2984 1074 3030 tat

42 3073 135 3134 quern
149 3074 278 3127 sensum
292 3056 460 3124 emendato
474 3054 787 3134 vocabulo-ascripsit
806 3053 894 3132 (natis
914 3069 1020 3118 tamen

41 3165 92 3210 seu
113 3136 194 3212 deus
214 3169 270 3210 seu
291 3170 379 3222 casus
399 3169 474 3212 eum
491 3149 621 3216 vincere
636 3147 765 3226 voluit'),
785 3161 859 3210 sane
879 3169 897 3209 a
917 3151 1021 3214 latini-

42 3257 98 3305 tate
119 3263 235 3325 parum
256 3236 524 3321 commendatum,
546 3263 620 3305 eum
641 3258 697 3304 sua
715 3243 909 3311 correctione
924 3245 1020 3308 ‚tacite

42 3339 174 3401 correxit
194 3339 360 3419 Hauptius.
400 3338 521 3411 taleni.
537 3359 562 3400 e.
577 3337 682 3399 'senior
702 3338 778 3424 (t86.
796 3337 862 3414 388)
883 3355 913 3399 et
933 3355 1020 3400 metu

42 3433 245 3510 exanimatus,
266 3434 339 3495 satis
358 3434 399 3502 ad
420 3433 644 3495 debellandum
665 3445 739 3492 cum
758 3447 900 3493 monstro
914 3433 1021 3495 valuit.-

42 3527 178 3602 tricatne
193 3526 314 3601 scilicet,
334 3536 371 3590 nt
385 3527 476 3590 honen
496 3527 570 3590 talis
589 3527 702 3589 Cicero
724 3527 763 3588 ad
779 3529 904 3614 Atta-15,
930 3529 972 3606 13,
991 3532 1021 3606 5,

42 3620 232 3700 qnidpntue't
248 3622 393 3685 novitates
413 3642 554 3695 emerem
573 3621 739 3691 accendere
758 3621 834 3684 talia
858 3622 1022 3690 Lucretius

837 3735 867 3788 5*
