2536 4200
243 277 281 335 4²
420 261 426 264 ·
599 256 858 304 counauramvs

244 453 337 518 atque
358 437 452 500 etiam
466 438 506 501 de
520 439 642 501 Alcone
656 438 769 501 rectius
791 438 869 500 mihi
885 438 1009 500 videtur
1023 457 1118 518 quarn
1132 455 1213 499 com-

245 546 434 595 mentatores
446 531 541 594 Ovidi
552 532 712 594 Brunnius
725 533 878 594 iudicasse
895 532 964 595 hist.
976 532 1055 594 artis.
1067 551 1094 608 a,
1107 551 1161 610 40²
1171 552 1214 611 sq.
1256 566 1257 598 1

167 636 233 684 ueto
248 660 283 671 -
313 626 455 708 Vergilio
485 626 622 707 agricola
652 641 698 688 est
727 624 813 688 dives
841 636 933 706 apum
961 626 1138 698 vanarum,
1167 627 1216 687 hic

244 720 398 783 curiosius
430 739 587 802 purpurae
626 721 759 802 opponit
796 735 941 784 tenerum
979 741 1110 802 gramen
1142 722 1217 800 (69),

245 815 374 895 picturis
403 814 623 896 lapidibusque
656 814 801 877 tellurem
834 814 966 877 floribus
998 815 1114 896 pictam
1146 817 1218 894 (70l3

166 921 232 968 rata
245 909 358 974 deinde
372 910 476 974 lucens
491 907 522 972 Τ
516 906 613 972 nwlm
626 927 714 971 cama
726 929 797 972 cum
809 909 910 972 varali
912 907 1045 989 palmite
1056 909 1103 989 (cf.
1116 911 1218 973 bucol

242 1024 271 1084 4,
296 1007 339 1084 19)
360 1025 441 1086 quae
461 1006 629 1066 cubantem
642 1002 810 1083 pampinea
827 1003 942 1067 amictu
962 1004 1043 1066 velat
1063 1004 1152 1066 facile
1172 1006 1220 1067 in-

243 1099 435 1179 telleguntur
464 1113 608 1161 contorta
637 1100 741 1159 verba.
791 1097 829 1158 cs.
861 1098 1073 1160 Buechelerus
1102 1119 1131 1180 p.
1154 1101 1219 1179 327.

242 1191 348 1255 subter
368 1193 511 1256 additum
526 1208 572 1256 est
584 1194 682 1254 verbo
699 1191 866 1271 pertinenti
879 1192 920 1254 ad
933 1192 1039 1270 vitem,
1060 1210 1221 1275 repentem

205 1287 362 1349 rascilicet
386 1307 443 1368 per
467 1289 603 1350 humum
627 1301 657 1349 et
681 1285 790 1349 leviter
812 1287 1042 1367 adsurgentem.
1073 1321 1111 1332 -
1140 1309 1169 1348 v.
1183 1291 1222 1368 78

244 1398 372 1462 apparet
400 1392 521 1463 semper
552 1401 616 1444 non
646 1381 686 1443 ad
710 1391 807 1462 opaca
835 1382 891 1444 sed
915 1381 955 1443 ad
979 1382 1143 1444 manantia
1167 1384 1223 1444 ad-

244 1475 426 1556 plicandum
447 1497 513 1540 esse
539 1476 592 1555 (sic
612 1475 772 1556 Silligiusl‚
802 1475 840 1541 cf.
862 1475 953 1538 Lucr.
978 1477 1003 1553 5,
1030 1477 1082 1537 261
1113 1495 1224 1540 umere

244 1590 322 1632 navo
341 1591 433 1634 mare
446 1571 587 1654 flamma
601 1571 709 1650 fantes
730 1580 853 1650 semper
876 1568 1041 1632 abundare
1065 1579 1097 1631 et
1117 1570 1226 1632 latices

244 1683 378 1728 manare
388 1676 556 1747 perennes;
576 1664 676 1744 magis
690 1664 827 1744 cuipiam
840 1665 1058 1744 quaerendum
1069 1663 1226 1744 videatur,

205 1760 387 1840 assequenti
406 1779 499 1822 versu
518 1759 624 1842 magis
643 1779 717 1821 cum
736 1767 836 1839 aptata
856 1778 896 1819 an
915 1778 989 1820 cum
1007 1759 1226 1839 comparativo

243 1853 441 1936 iungendum
469 1855 522 1932 sit;
551 1855 607 1917 sed
636 1873 703 1916 non
734 1853 881 1915 dixerunt
906 1853 1052 1935 Heynius
1082 1852 1226 1934 Silligius

244 1948 445 2011 Burmannus
466 1950 516 2029 (ad
530 1949 623 2030 Prop.
638 1967 665 2026 2,
687 1968 715 2027 7,
734 1949 772 2027 93
793 1947 812 2008 i.
827 1967 852 2009 e.
873 1968 900 2027 9.
920 1948 958 2026 43
981 1947 1036 2009 ubi
1053 1949 1161 2028 magis
1181 1959 1230 2011 est

243 2042 393 2123 aceepa'us
417 2045 451 2106 in
473 2043 561 2106 libris
581 2041 771 2124 quibusdam
796 2041 1011 2123 interpolatis),
1035 2042 1090 2122 qui
1114 2059 1227 2105 contra

244 2136 439 2218 Scaligerum
466 2154 496 2200 et
520 2137 769 2200 Taubmannum
799 2137 992 2214 obtinebant,
1023 2137 1112 2217 quod
1145 2155 1228 2201 esset

242 2229 348 2310 magis
366 2240 502 2312 aptatum
521 2251 643 2304 aevum,
669 2251 742 2293 cum
761 2239 898 2311 aptatum
917 2250 1030 2294 aemam
1053 2232 1226 2296 manifesto

242 2325 396 2405 significet
425 2345 566 2388 aureum.
620 2342 714 2407 atque
744 2325 887 2406 ineptum
916 2327 955 2388 sit
984 2326 1101 2389 dicere:
1134 2329 1225 2409 quod

243 2439 357 2482 aevum
388 2420 486 2501 tnagis
517 2436 676 2501 optatum,
710 2420 766 2502 qui
795 2419 940 2483 homines
970 2421 1125 2485 beatiores
1158 2444 1225 2485 esse

242 2514 379 2594 possint?
401 2533 475 2577 cum
497 2534 561 2578 non
582 2534 696 2578 aevum
715 2515 869 2592 laudetur,
889 2514 944 2576 sed
964 2516 1120 2594 condici0‚
1144 2518 1226 2580 inter

243 2609 311 2670 aevi
336 2609 482 2672 libidines
507 2613 597 2674 beata
622 2625 796 2692 paupertas.
837 2629 912 2690 ergo
938 2611 1060 2691 quaerit
1081 2612 1155 2692 quis
1178 2614 1225 2674 vel

243 2721 281 2764 ex
302 2723 398 2766 aureo
418 2724 533 2785 genere
554 2705 621 2772 istis,
637 2704 820 2780 hominibus
839 2703 945 2785 magis
962 2704 1082 2768 beatior
1102 2705 1228 2768 haben-

243 2798 301 2859 dus
330 2801 377 2861 sit.
427 2814 522 2880 atque
553 2799 758 2861 memorabile
787 2814 840 2870 est,
871 2799 957 2860 hunc
985 2814 1113 2879 poetam
1149 2819 1227 2862 con-

242 2893 412 2956 structione
433 2894 480 2956 uti
500 2914 580 2975 quae
600 2914 619 2956 a
637 2893 788 2956 latinitate
814 2893 944 2973 quidem
969 2893 1057 2955 nullo
1077 2909 1228 2974 tempore

242 2988 342 3050 aliena
373 2989 480 3065 fuerit,
514 2989 569 3052 sed
602 3009 620 3050 a
652 2987 753 3068 poetis
788 2988 937 3069 cultoque
969 3007 1117 3050 sermone
1155 3005 1231 3070 post

243 3082 444 3160 Terentium,
469 3083 558 3164 loqui
583 3081 679 3163 igitur
704 3096 739 3144 ut
768 3081 842 3144 belli
865 3080 1007 3145 Africani
1036 3083 1230 3162 scriptorem

243 3177 292 3256 (ad
313 3177 402 3240 cuius
422 3178 530 3239 locum
550 3195 575 3238 c.
592 3176 641 3254 48,
663 3177 679 3238 3
700 3176 806 3258 magis
817 3177 1010 3258 suspmsiare
1022 3176 1132 3238 animo
1154 3178 1231 3239 vide

242 3292 323 3353 quae
357 3272 565 3334 Woelfflinus
598 3287 628 3334 et
654 3271 874 3334 Miodonskius
900 3272 1144 3350 adnotaverunt)
1181 3275 1232 3334 vel

242 3367 420 3430 Vitruvium
440 3368 490 3428 vel
504 3366 665 3429 Valerium
679 3366 864 3428 Maximum.
905 3384 978 3427 nam
996 3365 1092 3428 Ovidi
1112 3387 1233 3430 versus

241 3461 308 3522 fast.
337 3482 359 3539 1,
387 3463 442 3523 526
466 3480 542 3523 num
567 3459 670 3522 minus
692 3459 743 3523 laic
767 3469 826 3522 teta
855 3470 903 3522 est
923 3457 1019 3522 almar
1042 3459 1121 3522 arbe
1149 3462 1235 3524 cinis

240 3556 392 3636 componi
412 3574 485 3618 cum
506 3555 565 3618 illis
586 3574 651 3615 non
673 3554 815 3632 debebat,
841 3575 915 3618 cum
935 3555 996 3616 hoc
1016 3555 1115 3617 dicat:
1147 3575 1234 3619 num
