2370 4072
173 260 209 321 55
531 257 790 304 colrnnuraruvs

171 440 204 501 in
225 459 257 501 re
279 439 365 501 brevi
385 456 543 520 pastorem
564 439 774 501 dormientem
797 456 827 501 et
840 455 1019 520 serpentem
1039 456 1130 520 appro

128 592 133 601 .
170 535 376 615 pinquantem
400 555 564 597 exornans.
615 550 708 614 atque
736 533 770 596 in
794 535 972 596 dormiente
997 534 1081 614 quod
1099 551 1130 594 se

164 639 288 710 parem,
307 648 459 702 somnum,
479 630 612 710 quaeum
631 629 769 692 distinxit
782 650 811 689 v.
827 629 880 690 158
893 648 939 708 sq.
961 629 1011 703 (cf.
1028 627 1130 706 anisa]

172 723 245 786 fecit
270 740 304 785 ut
330 724 495 786 Lucretius
515 745 543 803 4,
563 727 620 804 453
647 724 776 805 demque
801 743 871 785 cum
894 723 990 785 suavi
1016 718 1130 784 denam

171 817 315 880 membra
334 829 444 899 sopore
462 840 589 907 somnus
607 829 640 882 et
656 821 689 883 in
707 839 833 882 summa
852 828 962 898 cerpus
976 818 1130 880 natam

94 914 287 995 tumentem
306 914 362 974 sed
381 916 484 976 verbis
503 916 609 976 minus
623 915 738 976 affabre
753 933 827 975 usus
842 927 895 975 est.
917 948 955 957 —
975 910 1130 992 v.159.16‹

171 1029 279 1070 rursus
292 1009 524 1089 compositione
537 1012 708 1071 verborum
724 1009 930 1089 impedimur;
953 1027 1028 1069 nam
1047 1024 1130 1070 secun

166 1112 294 1184 pressos
311 1123 419 1165 somno
442 1122 515 1164 curn
540 1121 622 1167 recte
648 1105 769 1167 dicatur
794 1105 842 1182 (cf.
864 1103 937 1165 Sen.
959 1102 1076 1164 Phaed.
1095 1102 1130 1161 la<

171 1197 287 1260 certior
304 1217 432 1260 somnus
445 1200 566 1278 premit
581 1220 694 1263 secura
714 1199 795 1262 dure
814 1198 959 1261 membra
979 1204 1130 1259 versantia

172 1294 260 1371 tero),
285 1293 347 1354 hoc
371 1313 445 1355 cum
472 1296 569 1356 verbo
595 1295 683 1375 quod
710 1310 755 1357 est
774 1292 988 1355 mandaverat
1005 1291 1130 1368 coniung

174 1407 240 1449 non
261 1402 373 1469 potest,
395 1390 482 1470 quod
503 1405 534 1450 et
552 1391 824 1470 complementum
842 1407 952 1449 sensus
966 1386 1028 1447 sibi
1040 1384 1130 1466 flagita

173 1502 232 1544 nec
256 1503 314 1563 pro
340 1484 445 1546 dativo
470 1504 629 1547 assumere
654 1498 756 1566 potest
781 1503 901 1546 nornen
924 1481 1061 1544 ablativo
1080 1496 1130 1542 cast

173 1578 321 1658 positum.
352 1579 385 1640 id
399 1580 544 1660 exposuit
558 1579 697 1660 Silligius
711 1594 741 1641 et
755 1577 908 1640 continuo
922 1577 1040 1658 recepit
1050 1576 1130 1655 fessos

174 1693 232 1754 pro
257 1673 378 1754 pressis.
428 1674 484 1736 sed
509 1674 572 1736 iarn
599 1675 671 1736 satis
695 1690 822 1754 poetam
852 1673 1001 1734 novimus
1026 1681 1130 1732 utana

175 1768 463 1849 circumspiciamus
489 1788 590 1850 ecquo
617 1769 750 1832 consilio
771 1769 952 1829 intricatum
975 1778 1130 1828 sermonen

175 1863 354 1941 instituerit;
384 1879 478 1944 atque
508 1881 635 1946 apparet
665 1864 743 1945 quid
772 1863 922 1924 voluerit:
952 1881 1020 1924 non
1048 1875 1130 1922 senen

125 1986 128 1991 ·
171 1968 297 2039 pressos
320 1979 428 2022 somno
457 1961 513 2022 sed
542 1961 575 2023 in
599 1959 706 2022 herbis
729 1968 857 2038 pressos
886 1965 978 2018 artus
1006 1955 1130 2030 conium

175 2055 284 2131 voluit,
315 2074 396 2134 quos
421 2074 530 2118 securo
556 2074 663 2116 somno
687 2050 900 2114 mandaverat
919 2067 1036 2132 pastor,
1061 2044 1130 2121 cte,

174 2158 265 2229 saepe
291 2158 385 2229 super
408 2158 512 2210 tenero
535 2147 711 2229 prosternit
731 2146 885 2228 gramme
911 2156 1032 2226 corpus.
1081 2139 1130 2206 dixi

176 2243 208 2303 in
232 2241 339 2304 herbis
356 2253 485 2323 pressos
510 2242 600 2323 quasi
622 2241 729 2304 herbis
755 2241 922 2321 impressos
947 2239 1075 2320 proprie
1096 2252 1130 2297 nu

176 2337 244 2399 sine
265 2337 374 2416 vigore
393 2336 557 2413 sermonis,
579 2352 613 2397 ut
634 2336 767 2399 Ovidius
788 2336 854 2397 fast.
881 2356 904 2413 1,
927 2335 983 2396 355
1004 2327 1130 2396 denteri

123 2447 164 2494 aaa
176 2431 238 2495 m'te
249 2437 453 2512 prementem.
474 2465 511 2474 —
533 2430 596 2492 iam
615 2431 711 2511 igitur
730 2431 763 2492 in
784 2451 823 2492 eo
844 2445 909 2492 erat
929 2445 965 2491 ut
980 2429 1083 2511 quiete
1097 2441 1130 2488 sut

176 2525 239 2586 frui
258 2540 363 2604 posset
383 2524 441 2586 nisi
461 2525 594 2587 incertas
607 2544 682 2588 eum
696 2527 811 2589 ducere
826 2541 926 2588 sortes
941 2526 1008 2588 sive
1022 2525 1130 2588 incerto

177 2619 280 2681 sortiri
301 2639 389 2681 casus
404 2621 483 2683 Fors
497 2622 638 2683 Fortuna
655 2621 807 2697 iussisset;
828 2640 902 2683 nam
924 2621 988 2683 hoc
1005 2617 1130 2701 signitict

177 2714 314 2777 ducendi
336 2718 471 2777 verbum
495 2738 523 2778 v.
542 2718 603 2779 162.
653 2737 741 2779 mors
764 2737 846 2797 quae
870 2725 1004 2796 propter
1028 2715 1130 2778 nutrit

177 2829 269 2873 casus
287 2810 407 2873 codidie
426 2811 567 2874 imminet
584 2813 650 2874 Cic.
671 2813 766 2874 Tusc.
792 2833 815 2889 r,
836 2832 883 2890 91.
957 2880 959 2885 ,

99 2923 179 2974 asera
257 2906 417 2987 Serpentis
438 2907 618 2968 dormitanti
638 2906 755 2987 pastori
774 2904 1024 2987 supervenientis
1049 2895 1130 2979 imagi*

178 3021 253 3064 nem
275 3001 393 3081 Vergili
412 3001 635 3082 georgicorum
655 3021 763 3062 versus
785 3003 811 3078 3,
830 3001 990 3080 414-439
1011 2999 1130 3079 praebffi

178 3112 290 3177 poetae
320 3095 458 3176 potuisse
485 3095 600 3157 Bittius
631 3096 754 3158 monuit
784 3096 834 3173 lad
861 3094 932 3156 hist.
959 3095 1080 3156 hexam
1099 3088 1130 3150 let

177 3194 279 3273 symb.
294 3211 324 3271 p.
337 3210 376 3270 42
390 3192 461 3271 sq.);
482 3189 567 3250 idem
581 3189 757 3270 Vergilium
777 3189 810 3251 in
829 3209 867 3251 eo
881 3188 1059 3269 discrepare
1071 3178 1130 3251 dixit

179 3285 267 3366 quod
302 3286 327 3346 is
362 3304 499 3366 anguem
535 3304 571 3345 ex
607 3285 723 3365 palude
754 3283 969 3365 egredientem
1000 3274 1130 3365 proponit

179 3378 299 3442 Culicis
329 3395 422 3460 poeta
451 3379 681 3440 adventantem.
728 3379 885 3460 Vergilius
912 3395 1020 3442 autem
1044 3376 1130 3440 Nion

180 3474 274 3535 drum
299 3490 424 3536 secutus
449 3492 495 3536 est
520 3475 567 3554 (cf.
594 3474 735 3536 Macrob.
758 3477 783 3547 5,
808 3493 854 3552 22,
879 3494 913 3536 10
938 3473 978 3536 de
1003 3462 1130 3556 georgi

108 3614 113 3625 .
182 3570 258 3647 391),
279 3570 335 3650 qui
347 3571 406 3630 sub
421 3568 546 3630 initium
556 3568 787 3631 Theriacorum
801 3568 882 3630 canit
896 3568 988 3632 facile
1002 3574 1130 3648 serpente!
