2370 4072
165 272 218 315 100
519 249 779 296 cosruuurusws

160 432 231 494 illos
262 450 347 493 nunc
377 432 544 494 laetantem
574 431 647 493 facit
677 433 757 493 bene
789 430 947 492 factorum
977 429 1136 506 memoria,

107 539 147 585 sas
160 547 244 590 nunc
259 528 417 589 malorum
433 526 709 588 inhorrescentem.
741 547 769 586 v.
786 525 842 604 329
856 523 995 587 Pallade
1008 524 1137 587 laetante

159 642 226 685 non
247 637 358 703 potest,
379 621 433 682 ubi
454 621 579 701 singula
599 635 809 697 recensentur,
837 620 877 682 ad
898 620 1036 682 Palladis
1056 619 1136 682 auxi-

159 718 238 779 lium
260 715 377 794 referri,
397 716 454 778 sed
473 716 620 778 audacter
639 730 670 776 et
691 716 825 776 obscure
846 733 903 795 pro
924 715 1068 777 Palladio
1087 715 1136 775 ab·

158 812 223 874 lato
245 812 321 873 deae
342 831 457 873 nomen
479 811 618 892 positum
639 825 684 871 est
704 809 753 886 (cf.
771 809 936 891 Heynius),
957 808 1048 890 quod
1068 809 1135 869 item

159 907 240 984 lecit,
265 905 321 968 sed
347 926 405 969 nec
433 907 579 968 audacter
608 924 712 985 neque
743 906 877 966 obscure
902 903 1039 965 Ovidius
1069 916 1135 964 met.

163 1002 206 1078 13,
220 1002 258 1080 98
272 1001 416 1080 euaserat
432 1001 482 1064 lu's
498 1000 624 1063 Itltacus
636 998 776 1062 Rleesum
789 996 1004 1079 imbellemque
1016 996 1135 1061 Daune

159 1094 406 1176 Priamidenque
419 1093 572 1157 Helenum
585 1103 680 1175 rapta
693 1113 763 1157 cum
777 1093 913 1158 Pallade
927 1101 1062 1173 capuam,
1076 1111 1134 1173 quo

158 1189 240 1265 loco,
261 1190 317 1271 qui
337 1205 382 1252 est
403 1190 435 1252 in
456 1188 666 1251 controversia
686 1188 791 1251 Aiacis
812 1203 842 1249 et
856 1187 965 1266 Vlixis,
986 1206 1063 1251 sane
1082 1188 1135 1249 du-

159 1284 237 1346 bites
263 1284 301 1346 de
327 1304 418 1346 causa
444 1299 547 1345 tantae
573 1282 787 1346 similitudinis
817 1284 898 1345 inter
924 1282 1008 1345 duos
1034 1297 1134 1364 poetas

157 1378 385 1441 intercedentis.
426 1379 464 1440 cl.
486 1378 552 1441 fast.
567 1378 594 1455 6,
608 1397 676 1458 424
701 1377 776 1440 trist.
792 1377 819 1456 3,
844 1397 868 1455 r,
888 1396 926 1456 ²9
947 1376 1041 1454 (Poll
1055 1398 1083 1458 9,
1101 1375 1133 1454 76

156 1473 194 1537 τὸ
217 1473 361 1556 νόμισμα
377 1474 542 1555 Εὔβουλος
559 1513 596 1521 -
614 1474 706 1538 καλεῖ
726 1472 925 1550 Παλλάδας).
962 1470 1080 1534 deinde
1092 1471 1134 1532 in-

130 1582 132 1587 ·
156 1568 327 1630 tolerabilis
346 1568 552 1630 soloecismus
565 1587 740 1649 rursusque
758 1567 915 1631 tremescit
924 1564 992 1628 tam
1010 1566 1135 1630 Ciconas

156 1662 280 1744 iamque
294 1662 405 1724 horret
416 1661 648 1743 Laestrygonas
663 1662 746 1725 facili
761 1660 1026 1743 interpunctionis
1041 1680 1134 1723 reme·

102 1777 143 1824 ssu
156 1759 210 1820 dio
224 1757 325 1819 sanari
339 1772 468 1838 poterat.
490 1778 518 1818 v.
534 1758 591 1819 330
604 1757 788 1839 lestrigones
800 1757 865 1836 epse
879 1754 1055 1817 Vossianus
1068 1775 1135 1838 pro-

155 1873 274 1916 nomen
288 1855 416 1934 praebat
436 1871 501 1913 non
515 1851 635 1932 inepte:
656 1852 722 1933 ipse
737 1868 825 1914 atrox
839 1849 959 1912 invenit
972 1871 1053 1931 quos
1068 1851 1135 1912 hor-

155 1964 236 2011 reret
250 1946 368 2026 (Manil.
382 1966 409 2024 2,
425 1949 480 2026 559
498 1945 700 2027 Capuamque
708 1946 804 2028 fiagit
818 1943 999 2008 meateudus
1010 1955 1045 2008 et
1054 1946 1136 2028 e'pseh

156 2042 243 2124 quod
265 2060 338 2103 cum
359 2042 456 2121 possit
478 2041 658 2104 coniectura
683 2042 847 2104 inventurn
872 2060 947 2118 esse,
974 2056 1082 2121 potest
1100 2038 1136 2101 ad

156 2157 192 2198 ea
212 2136 367 2217 pertinere
388 2157 468 2217 quae
483 2137 564 2198 adv.
581 2136 636 2198 318
657 2136 870 2217 exposuimus.
911 2135 969 2197 ubi
990 2134 1088 2197 etiam
1100 2134 1136 2195 de

155 2253 184 2292 v.
207 2231 262 2292 332
294 2246 323 2292 et
351 2232 408 2310 334
438 2231 610 2293 emendatis
647 2252 665 2293 a
695 2229 871 2293 Schradero
902 2244 933 2291 et
963 2229 1137 2292 Ribbeckio

102 2346 143 2393 ssa
156 2326 276 2388 dictum
304 2341 357 2387 est.
407 2340 442 2386 ut
470 2325 631 2389 Zanclaea
660 2324 839 2408 Charybdis
867 2324 953 2406 apud
984 2323 1136 2387 Ovidium

155 2420 245 2498 redit,
269 2419 426 2482 Aemaeus
448 2419 576 2501 Cyclops
600 2421 685 2502 apud
708 2420 884 2501 Vergilium
909 2422 990 2482 Aen.
1016 2441 1061 2498 11,
1082 2419 1135 2481 263

102 2536 143 2582 aas
156 2515 204 2594 (cl.
226 2514 324 2576 Thilo
338 2516 434 2596 praef.
448 2535 477 2596 p.
493 2516 571 2594 Vll).
610 2537 638 2577 v.
655 2516 712 2577 336
733 2516 848 2578 bellam
868 2513 1137 2596 deprehendimus

155 2609 316 2672 doctrinae
338 2610 595 2686 ostentationem;
616 2608 702 2672 idem
721 2611 838 2673 scilicet
858 2609 914 2691 qui
928 2629 958 2671 v.
975 2610 1013 2672 30
1025 2607 1136 2672 Ericlt·

154 2704 277 2767 tltauias
295 2722 386 2766 arces
398 2703 537 2766 Athenas
557 2705 740 2784 nominavit,
761 2705 812 2767 hic
825 2703 960 2766 Troiam
973 2708 1014 2768 ab
1028 2705 1137 2767 Erich-

153 2800 265 2862 thonio
293 2797 431 2860 Dardani
456 2798 536 2878 lilio,
567 2820 664 2881 quem
694 2821 732 2863 ex
763 2799 866 2861 Iliadis
895 2800 995 2879 Y319
1026 2820 1136 2863 omnes

154 2909 285 2972 norunt,
323 2893 513 2955 adiectivum
548 2911 669 2975 praeter
699 2895 784 2957 hunc
812 2912 918 2956 nemo.
971 2896 1134 2960 aestatim

154 2989 265 3069 repetit
284 3010 313 3050 v.
329 2990 394 3067 344

231 3083 329 3144 Decet
354 3082 461 3144 culicis
488 3082 642 3145 tristitiam
667 3084 755 3164 quod
780 3085 892 3148 heroes
919 3106 1050 3166 graecos
1071 3105 1133 3149 non

102 3196 105 3201 ·
153 3176 280 3239 dimittit
301 3193 469 3258 antequam
489 3178 690 3259 naufragium
714 3179 747 3242 in
768 3181 872 3244 classis
892 3182 998 3245 reditu
1019 3182 1133 3245 factum

154 3272 354 3349 enarraverit;
386 3291 448 3352 qua
478 3272 511 3334 in
544 3292 577 3335 re
608 3274 636 3336 ei
666 3275 778 3337 accidit
804 3291 839 3338 ut
865 3276 1131 3361 Hellespontiacas

153 3365 253 3427 undas
280 3367 358 3445 (338)
389 3386 462 3429 cum
493 3368 643 3430 Euboicis
674 3371 752 3449 (355)
783 3371 996 3454 commisceat.
1045 3373 1129 3437 locus

100 3472 140 3519 aas
153 3478 219 3519 non
239 3460 339 3522 multa
359 3476 430 3541 eget
448 3460 659 3526 adnotatione.
698 3464 756 3529 illa
775 3466 863 3548 copta
882 3489 911 3529 v.
928 3468 985 3548 339
1006 3468 1050 3530 sic
1069 3487 1129 3530 non

152 3552 301 3615 usitatum
316 3556 417 3637 poetis
432 3556 580 3637 (Silligius
594 3560 695 3622 attulit
706 3564 785 3623 Aen.
797 3581 824 3640 2,
842 3563 906 3642 564,
921 3563 977 3624 ubi
992 3585 1020 3626 v.
1032 3563 1124 3638 Serva

65 3692 104 3832 ἱ
