2528 4202
254 299 292 376 7⁶
611 297 871 345 constaurnntvs

253 478 348 558 igitur
368 479 396 553 6,
419 478 487 557 578:
514 476 672 543 Tartarus
691 477 755 558 ipse
775 476 821 540 bis
838 484 928 557 patet
945 476 977 538 in
997 488 1151 559 praeceps
1170 489 1230 542 tan·

253 580 319 634 turn
338 571 491 654 tenditque
508 571 566 636 sub
585 571 726 644 umbras,
746 580 880 652 quantus
898 569 947 632 ad
961 571 1136 636 aetheriam
1157 575 1232 637 caeli

200 675 408 746 aaa'suspectus
431 665 602 747 Oh'mpum.
644 665 682 728 de
703 687 732 728 v.
747 665 802 728 233
824 664 889 726 dixi
909 665 949 726 ad
969 686 997 727 v.
1016 667 1079 746 168,
1101 669 1142 731 cf.'
1155 673 1229 731 Aen.

254 762 282 839 6,
305 762 358 824 565
386 761 455 842 ipsa
480 760 571 824 mm
593 771 713 841 poenas
737 760 841 824 nouit
861 770 982 840 perque
1004 761 1111 824 omnia
1136 762 1252 826 duxit:

200 871 242 916 aas
254 876 282 916 v.
297 857 354 918 236
375 854 552 918 rescindere
575 854 694 917 caelum
714 853 886 918 Vossianus
911 873 949 916 ex
970 855 1111 936 Vergilio
1141 856 1231 920 inter·

254 949 372 1030 polavit
393 950 432 1027 (6,
454 950 508 1012 583
531 949 569 1012 cf.
583 969 691 1030 georg.
717 970 740 1026 1,
760 949 842 1027 28o);
862 963 971 1012 notam
991 968 1059 1010 rem
1080 968 1148 1012 non
1169 971 1230 1012 me-

254 1062 414 1106 morarem
444 1042 469 1104 si
499 1042 532 1104 in
562 1043 627 1104 ulla
654 1042 792 1107 editione
818 1042 891 1104 inde
922 1045 962 1104 ab
987 1043 1156 1124 Heyniana
1185 1047 1229 1123 (cl.

254 1137 447 1200 Schraderus
471 1137 594 1200 emend.
615 1156 645 1217 p.
664 1139 707 1217 19)
731 1156 843 1200 verum
868 1140 1003 1199 verbum
1028 1155 1228 1219 compareret.

254 1247 382 1312 apparet
401 1247 508 1296 autem
529 1232 592 1294 iam
612 1251 650 1293 ex
664 1232 913 1296 Cimmeriorum
928 1231 1099 1309 mentione,
1121 1235 1230 1298 deinde

253 1346 293 1389 ex
314 1326 368 1388 Oti
389 1342 420 1389 et
439 1325 602 1409 Ephialtae
623 1341 653 1388 et
673 1326 813 1392 Latonae
834 1325 1026 1401 nominibus,
1054 1348 1137 1408 quae
1158 1331 1231 1393 Ver·

253 1421 347 1502 gilius
373 1442 438 1486 non
464 1422 567 1496 habet,
597 1436 724 1502 poetam
754 1421 821 1502 ipsa
845 1422 980 1484 Homeri
1005 1423 1117 1504 necyia
1142 1443 1230 1486 usum

254 1535 334 1591 esse3
359 1516 517 1596 Vergilius
541 1515 635 1580 etiarn
664 1515 835 1578 Tantalum
861 1531 892 1579 et
917 1515 1090 1598 Sisyphum
1121 1519 1230 1594 omisit
1252 1505 1253 1516 ¹

199 1623 241 1670 ²41
251 1629 367 1672 eorum
387 1611 554 1693 descriptio
575 1631 649 1673 cum
662 1611 834 1673 Homerica
848 1612 994 1677 concinit.
1027 1622 1119 1674 extat
1135 1635 1164 1675 v.
1179 1633 1228 1692 241

253 1705 427 1788 necessaria
448 1721 494 1769 est
511 1705 634 1768 Heinsii
654 1705 850 1776 emendatio:
870 1707 994 1774 ἑσταότ’
1023 1707 1059 1770 ἐν
1085 1708 1193 1797 λίμνῃ,
1216 1708 1231 1791 ἡ

253 1799 291 1864 δὲ
313 1802 520 1888 προσέπλαζε
542 1805 665 1882 γενείῳ,
689 1800 734 1862 sic
753 1815 860 1862 tamen
880 1821 898 1863 a
917 1815 1039 1882 sperata
1059 1802 1125 1864 sitis
1147 1804 1231 1865 seda·

201 1893 342 1958 notione
367 1895 399 1957 in
424 1897 532 1962 omnia
556 1894 728 1960 revolvitur
753 1895 791 1972 (v.
811 1896 855 1973 a).
894 1904 1056 1962 revocans
1080 1897 1231 1960 sciliceta

172 1989 388 2053 attudeorum
413 2011 530 2054 mensa.
575 1990 675 2070 tnagis
699 1990 756 2052 ista
783 1990 977 2071 comparatio
1008 2010 1064 2053 nos
1089 1991 1177 2054 iuvat
1203 1992 1231 2052 in

252 2083 379 2165 Sisyphi
409 2086 532 2163 labore,
563 2086 618 2164 qui
654 2086 737 2150 λᾶαν
764 2087 831 2150 ἄνω
865 2086 990 2152 durna
1016 2090 1096 2151 ποτὶ
1129 2087 1254 2172 λόφονρ

252 2179 357 2259 (atque
381 2179 516 2243 aduerso
540 2189 641 2244 monte
666 2179 733 2242 Itali
761 2180 991 2258 emendarunt),
1021 2181 1230 2263 contempsisse

252 2271 341 2336 dour
359 2294 451 2354 quem
470 2273 601 2338 numana
618 2273 716 2338 vtncr't
726 2272 865 2338 acerbus.
899 2274 1069 2338 commode
1084 2275 1229 2338 Heinsius

252 2366 386 2430 coniecit
406 2366 507 2441 labor,
527 2368 584 2432 sed
604 2368 656 2431 ille
676 2368 767 2431 vertit
780 2369 951 2435 Homerica
970 2371 1025 2438 rol
1045 2369 1110 2455 μὴν
1133 2375 1227 2436 Σίσο-

250 2482 318 2542 φον
344 2463 481 2527 εἰσεῖδον
502 2467 624 2549 κρατέρ’
648 2463 734 2543 ἄλγε’
752 2462 878 2545 ἔχοντα.
922 2463 1019 2528 mittit
1035 2480 1119 2526 recte
1139 2465 1228 2529 inter·

250 2570 388 2634 pretatus
403 2573 448 2618 est
462 2556 692 2622 Taubmannus
713 2559 818 2638 ‘quem
837 2558 931 2620 dolor
944 2558 1227 2624 cruciamentorum

201 2713 205 2720 ,
251 2649 410 2717 convincit
444 2651 549 2729 ipsum
584 2651 678 2714 fuisse
715 2653 812 2715 deum
843 2653 1116 2734 contemptorem'.
1171 2673 1226 2735 qua

250 2743 338 2808 verbi
372 2745 503 2808 notione
538 2761 568 2808 et
600 2761 755 2811 structura
785 2747 921 2810 aliorum
952 2746 1119 2810 audaciam
1150 2748 1225 2810 vicit.

250 2857 325 2902 nam
350 2839 514 2904 evincendi
543 2841 755 2921 significatum
783 2843 917 2904 verbum
946 2860 1021 2902 cum
1051 2841 1227 2923 frequenter

250 2932 363 2998 habeat
387 2933 419 2998 in
444 2936 558 2998 talibus
584 2937 765 2999 enuntiatis:
790 2955 887 3016 neque
905 2954 976 2998 eum
986 2935 1156 3014 serronec
1165 2935 1226 3015 sri-

244 3045 327 3106 gore
339 3028 463 3094 unum
471 3029 573 3109 possis
586 3029 740 3094 anteriore
753 3045 783 3093 et
798 3029 1002 3110 pervincendi
1015 3030 1080 3092 sive
1096 3029 1226 3112 cogendi

248 3121 393 3200 subinde,
418 3133 453 3184 ut
478 3124 580 3186 Plauti
606 3124 670 3186 mil.
695 3125 748 3204 187
772 3133 808 3190 ut
831 3144 902 3187 eum
925 3123 1032 3188 verbra
1059 3124 1168 3190 otnant
1191 3142 1227 3184 nr

248 3234 282 3280 se
304 3215 428 3291 uiderit,
454 3218 566 3282 Horati
592 3220 683 3299 epod.
716 3239 758 3299 17,
784 3238 821 3298 27
844 3237 923 3298 ergo
947 3227 1096 3299 negatum
1122 3217 1227 3280 vercor

248 3318 285 3372 ut
301 3310 429 3374 credam
448 3314 555 3387 mrsrr,
577 3313 785 3376 convincendi
799 3313 888 3376 notio
909 3329 955 3376 est
968 3313 1098 3376 vetustis
1112 3311 1226 3374 Latinis

249 3403 282 3467 in
308 3403 446 3467 formula
471 3405 546 3469 iuris
570 3417 624 3470 ast
644 3408 711 3474 eius
733 3407 868 3472 vincznr
893 3424 923 3470 et
943 3408 1034 3470 Oscis
1059 3407 1093 3469 in
1120 3408 1226 3469 eadem

249 3498 281 3562 in
295 3498 388 3562 narie
399 3499 526 3574 vincter,
540 3517 571 3564 et
581 3502 743 3584 Gortyniis
754 3503 829 3565 item
840 3503 873 3565 in
884 3503 996 3565 eadem
1009 3506 1097 3567 αἴκα
1109 3505 1226 3587 νικαθῇ

248 3593 301 3669 (cf.
321 3593 534 3658 Buechelerus
560 3616 639 3659 mus.
665 3597 765 3658 Rhen.
785 3617 834 3676 40,
858 3602 939 3677 477).
980 3597 1036 3660 iste
1061 3617 1139 3661 vero
1163 3615 1225 3657 non
