2370 4072
433 212 617 260 emnrarro
981 235 1015 294 ¹9

30 393 89 474 qui
109 393 193 455 hanc
213 408 334 474 partem
355 393 463 475 capitis
483 395 522 457 de
543 412 692 457 versuum
712 392 880 474 generibus
895 395 1016 476 primus

31 487 230 569 composuit,
260 487 316 550 sed
340 488 563 569 prolusionum
587 488 779 551 vocabulum
799 507 865 550 non
889 488 1017 552 titulum

30 582 133 644 libelli
158 581 339 663 corporisve
359 583 485 661 indicat,
515 582 570 645 sed
590 583 670 645 nihil
696 583 771 646 dicit
794 584 1017 664 grammaticus

30 676 94 738 nisi
109 677 296 758 Vergilium,
316 677 349 741 in
363 679 513 761 operibus
527 697 608 759 quae
629 682 668 741 ab
684 679 833 742 omnibus
847 694 1019 743 tractantur

32 792 101 834 uno
128 772 230 834 heroo
255 787 357 835 metro
378 790 481 849 usum,
510 772 571 834 illis
596 792 670 836 cum
695 774 893 856 praeluderet
924 775 1019 837 etiam

31 866 202 947 priapeum
227 885 407 948 usurpasse;
437 888 502 949 quo
531 871 631 931 verbo
656 869 771 931 Statius
802 869 901 932 utitur
928 870 962 932 in
986 890 1019 932 re

30 962 149 1024 eadem
174 962 194 1024 l.
214 983 238 1024 s.
263 981 318 1024 uec
336 962 501 1044 quisquam
525 973 573 1026 est
593 963 762 1027 illustrium
781 973 947 1045 poetarum
967 965 1023 1046 qui

31 1077 95 1119 nou
122 1055 249 1137 aliquid
269 1056 414 1137 operibus
437 1058 503 1120 suis
525 1057 594 1121 stilo
618 1058 798 1122 remissiora
817 1058 1017 1140 praeluserit.

30 1152 184 1214 Culicem
209 1166 315 1213 aurem
336 1151 479 1214 libellum
505 1152 697 1234 singularem
720 1168 851 1215 testatur
871 1153 1021 1215 Martialis

37 1267 82 1326 14,
110 1247 175 1308 185.

116 1341 200 1403 lllud
225 1340 319 1423 igitur
345 1340 433 1421 quod
458 1341 552 1404 fuisse
572 1342 742 1405 voluerunt
766 1361 880 1423 corpus
904 1362 1022 1424 appen-

32 1436 115 1498 dicis
132 1435 340 1517 Vergilianae,
365 1434 432 1497 aliis
446 1436 608 1498 nonnullis
622 1436 814 1498 carminibus
833 1452 963 1499 auctum
983 1437 1022 1498 ad

34 1531 185 1593 medium
204 1550 319 1593 aevum
332 1545 541 1612 propagatum
560 1551 626 1592 esse
639 1531 698 1592 viri
717 1530 801 1593 docti
820 1531 878 1592 sibi
894 1551 1022 1612 persua-

32 1641 156 1688 serunt.
207 1640 301 1705 atque
327 1626 472 1706 syntaxin
499 1626 628 1707 quidem
657 1626 768 1688 talium
793 1625 1022 1707 opusculorum

35 1720 132 1783 tradit
161 1719 255 1782 nobis
285 1719 458 1781 Bembinus
492 1720 592 1782 codex
627 1736 657 1782 er
690 1719 827 1800 cognati3
864 1720 915 1781 cui
948 1722 1023 1782 sub-

34 1814 194 1894 scriptum
213 1829 259 1876 est
273 1813 306 1876 in
319 1814 476 1876 Bembino
494 1824 608 1895 septem
628 1815 696 1878 ioca
712 1813 872 1877 iuvenalia
894 1813 1026 1895 Vergilii

27 1908 156 1990 fiuiuut
166 1924 196 1971 et
210 1909 395 1989 inscriptum
409 1908 581 1990 elegantius
595 1930 660 1971 non
671 1908 775 1970 verius
789 1909 822 1970 in
837 1908 1022 1971 Colbertino

30 2013 203 2085 poetarum
216 2002 439 2084 sapientissimi
457 2005 494 2067 P.
515 2003 648 2086 Vergilii
657 2003 807 2066 Maronis
826 2003 1027 2084 condiscipuli

41 2097 212 2164 Octaviani
238 2097 379 2179 Augusti
403 2099 514 2162 muudi
543 2097 743 2179 imperatoris
776 2098 928 2161 iuvenalis
958 2098 1027 2162 ludi

38 2191 162 2255 libellus
181 2191 294 2272 incipit.
345 2208 467 2274 septem
492 2194 544 2255 illa
564 2194 633 2255 ioca
654 2192 810 2255 iuvenalia
835 2195 913 2257 haec
937 2211 1023 2257 sunt:

40 2287 153 2364 Culex,
180 2287 285 2365 Dirae,
309 2287 410 2368 Copa,
441 2288 496 2349 Est
517 2303 642 2367 ernon,
673 2288 721 2349 De
747 2287 941 2350 institutione
965 2288 1023 2350 viri

42 2382 126 2462 boni,
154 2382 203 2444 De
223 2382 311 2460 rosis,
342 2381 479 2464 denique
504 2384 665 2446 Moretum
693 2383 839 2464 ignorum
859 2383 1022 2446 Suetonio.

42 2495 121 2557 quae
156 2477 301 2540 collectio
338 2497 403 2558 quo
437 2492 580 2558 tempore
617 2478 697 2539 facta
731 2477 770 2539 sir
802 2478 869 2558 ipsa
902 2478 1024 2555 clamat,

45 2570 197 2634 nimirum
217 2592 256 2635 eo
277 2591 344 2654 quo
363 2572 422 2635 tria
447 2571 499 2634 illa
520 2572 658 2634 carmina
677 2573 861 2635 Ausoniana
882 2574 917 2650 (c.
932 2573 1024 2634 XXX

41 2664 147 2729 XXXI
168 2667 251 2740 Sch,
272 2667 384 2744 v11,3.
404 2668 487 2746 41³,
518 2667 557 2728 de
578 2668 698 2729 Roseto
724 2667 804 2749 [app.
821 2668 846 2729 ΙΙ
871 2667 953 2748 sen]
985 2668 1023 2730 cf.

42 2759 211 2823 Schenkeli
235 2762 331 2843 praef.
359 2782 388 2843 p.
409 2762 555 2841 XXXVI)
586 2762 726 2843 Vergilio
757 2762 853 2825 tribui
882 2777 1023 2843 possent3

42 2875 120 2937 ergo
150 2875 220 2919 non
245 2856 370 2938 pridem
400 2857 480 2919 facta
510 2861 575 2919 erat
603 2877 677 2919 cum
707 2857 894 2919 scriberetur
924 2855 1024 2917 codex

41 2950 225 3012 Bembinus.
276 2952 371 3014 aliam
397 2952 618 3015 collectionem
644 2950 855 3013 Bruxellensis
881 2952 1024 3032 praebet:

40 3046 146 3125 Cirin,
176 3045 322 3127 Priapea,
359 3047 561 3128 Caralepron,
588 3038 761 3128 vpriapeum
796 3045 1024 3122 Tibullianum,

39 3142 156 3223 elegias
178 3140 211 3202 in
232 3140 461 3216 Maecenatem3
492 3142 586 3203 aliam
607 3142 828 3204 Monacenses:
856 3141 1024 3218 Morerum,

38 3234 197 3298 carmina‘
216 3235 281 3316 duo
312 3238 350 3298 A.
382 3236 417 3297 L.
449 3237 514 3315 392.
550 3237 603 3298 160
630 3236 667 3296 R.
699 3236 775 3313 (123.
811 3236 864 3314 164
893 3235 1025 3314 Baehr.),

38 3329 158 3411 elegias
182 3329 215 3390 in
236 3329 460 3406 Maecenatem,
485 3331 585 3407 Diras,
613 3330 778 3411 priapeum
798 3325 1025 3411 Tibullianum,

37 3425 184 3507 Copam3
200 3445 205 3461 ·
220 3423 313 3485 aliam
348 3444 492 3507 excerpta
523 3425 675 3487 Parisina:
713 3425 858 3487 Culicem
890 3429 1025 3488 Aetnam

35 3519 145 3598 Cirin;
170 3522 308 3582 Aetnam
334 3539 407 3580 cum
432 3522 543 3583 Culice
563 3521 728 3602 coniungit
751 3522 1026 3603 Cantabrigiensis,

836 3637 872 3690 2*
