2536 4200
422 347 424 352 ·
443 327 489 374 AD
506 325 533 372 V·
548 337 653 386 usos
1004 326 1038 388 53

49 508 171 590 puellis
192 508 264 587 dici,
288 527 369 590 quae
393 507 477 588 ipsae
498 507 716 588 Demophonti
740 505 904 587 perfidiam
926 525 1040 586 expro-

53 608 158 682 brent,
183 619 358 686 spectantes
382 602 499 665 scilicet
523 602 692 682 quotannis
712 602 898 665 redeuntem
918 602 1039 664 arboris

48 699 222 762 tristitiam.
263 697 295 760 in
316 718 349 761 re
369 696 464 760 simili
484 696 577 760 Ovid.
598 713 671 759 met.
690 718 733 773 ro,
753 699 809 764 7²5
832 697 930 760 luctus
942 696 1037 760 moni·

48 803 160 858 menta
183 792 353 856 mambrem
372 802 508 874 semper,
538 791 656 866 Adoni,
685 793 754 860 otei,
786 792 884 856 Gratt.
909 812 978 874 eyn.
999 793 1038 853 66

45 890 111 970 flet
132 887 236 952 adhuc
260 897 291 952 et
308 898 411 969 porro
428 887 522 968 flebit
538 887 663 950 Adonin
691 888 773 952 ve'eta
802 887 909 952 Venus.
950 888 1038 970 quod
1138 961 1145 986 a

50 984 173 1047 multae
196 984 345 1058 lecerunt,
376 983 410 1044 id
436 991 469 1046 et
490 1002 572 1046 nunc
595 983 719 1064 puellae
742 983 873 1060 laciun13
903 984 947 1047 sic
973 984 1037 1046 lere

52 1079 204 1140 Lucanus
227 1099 251 1156 1,
272 1097 328 1142 202
348 1077 461 1158 ubsque
479 1087 558 1152 mus,
583 1077 677 1141 liceat
695 1077 796 1153 modo,
820 1099 901 1142 nune
919 1099 1039 1160 quoque

47 1173 152 1236 miles.
197 1173 252 1235 sed
281 1191 347 1235 non
374 1173 490 1236 deflent
514 1174 774 1255 Demophontem
799 1193 857 1254 pro
882 1175 1037 1256 Phyllide,

49 1268 141 1349 quod
162 1287 200 1330 ex
214 1267 364 1348 Scaligeri
385 1268 566 1330 coniectura
580 1268 718 1330 facerent
734 1268 819 1346 (nam
833 1284 1037 1354 cetera'com-

50 1377 160 1426 menta
180 1362 314 1425 omnino
334 1383 402 1426 rem
424 1381 490 1424 non
510 1362 686 1442 attingunt),
707 1363 763 1424 sed
777 1363 943 1441 devovent,
962 1383 1037 1444 pro·

48 1457 148 1520 ditori
169 1457 252 1519 male
272 1457 389 1520 dicunt.
430 1456 462 1518 id
483 1457 588 1538 ipsum
608 1458 704 1538 igitur
724 1459 833 1521 dicunt
858 1458 946 1540 quod
966 1474 1036 1520 tum

50 1552 175 1633 Phyllis
205 1551 338 1616 dixerat:
368 1551 486 1636 νύμφιε
508 1553 706 1637 Δημοφόων,
730 1554 821 1618 &dees
843 1558 928 1635 ξένε,
959 1560 1036 1634 ‘per-

37 1647 114 1728 fide
137 1647 349 1728 Demophoon’
378 1645 497 1710 surdas
522 1645 683 1710 elambat
702 1647 750 1710 ad
770 1647 872 1710 undas
901 1648 1036 1726 (Callim.

51 1743 110 1823 frg.
125 1745 190 1821 5ο5,
207 1743 300 1806 Ovid.
311 1762 388 1806 rem.
401 1760 461 1804 am.
475 1743 550 1821 597),
572 1742 659 1823 quod
673 1741 813 1804 Ariadna
826 1741 860 1803 in
873 1741 1037 1804 Theseum

50 1838 179 1918 (Catull.
199 1838 248 1917 64,
280 1840 354 1917 132),
384 1839 422 1900 cf.
454 1838 548 1918 Prop.
568 1857 597 1916 4,
625 1857 652 1915 7,
682 1838 714 1899 13
737 1836 863 1918 perfide
892 1857 947 1900 nec
975 1837 1036 1902 eui·

45 1952 148 2012 quam
166 1931 279 1994 melior
296 1932 450 2013 sperande
456 1933 590 2016 puellae.
631 1934 704 1996 inde
719 1933 955 1996 emendandum
969 1953 1035 1996 esse

45 2027 187 2091 arbitror
203 2028 329 2110 perfide
356 2028 471 2102 multis,
496 2028 627 2111 perfide,
657 2027 868 2109 Demophoon,
897 2037 930 2090 et
954 2048 1036 2090 nunc

45 2121 178 2184 delendo
195 2121 321 2202 puellis,
351 2123 407 2186 ubi
431 2124 471 2186 ad
496 2123 603 2187 multas
626 2123 774 2192 audimus
803 2121 880 2186 dicte
903 2122 954 2185 vel
980 2123 1038 2204 qui

44 2215 198 2280 delendas
216 2237 292 2280 eras
316 2238 375 2280 usu
401 2235 570 2300 pervagato
596 2234 627 2281 et
653 2238 738 2281 nunc
764 2238 830 2281 non
850 2217 1033 2298 explicatius

43 2311 222 2373 tractando.
265 2312 392 2394 perfide
420 2331 528 2377 autem
553 2315 714 2378 vocativus
744 2329 819 2378 nota
849 2313 1031 2377 attractione

44 2421 138 2469 ortus
164 2421 218 2468 est
249 2441 286 2452 -
317 2430 345 2470 v.
366 2411 422 2489 134
445 2411 484 2473 de
509 2411 611 2492 figura
635 2411 699 2473 dixi
723 2410 763 2472 ad
787 2431 815 2470 v.
833 2413 877 2472 51.
927 2410 1083 2479 alienam

44 2499 185 2562 contulit
198 2500 438 2569 Taubmannus.
458 2539 497 2552 -
516 2527 545 2565 v.
565 2507 617 2584 137
630 2526 676 2586 sq.
696 2520 758 2567 tres
779 2505 902 2568 Heinsii
921 2525 1109 2576 emen-tarn.

44 2595 251 2662 datiunculae
269 2619 297 2660 v.
317 2601 369 2679 137
390 2600 498 2664 addt'ta
518 2601 573 2680 (sic
586 2601 683 2663 etiam
696 2600 890 2664 Schraderus
904 2600 1028 2664 emend.

44 2709 78 2770 p.
93 2692 131 2752 23
145 2693 212 2772 sq.)‚
238 2694 291 2755 138
297 2704 458 2775 proceros,
483 2698 537 2776 139
549 2715 587 2760 ae
593 2695 674 2777 petit
684 2715 703 2757 a
715 2695 873 2777 plerisque
886 2711 1030 2776 receptae

42 2802 131 2864 sunt,
156 2805 293 2868 quarum
317 2790 404 2852 nulla
428 2790 584 2856 librorum
611 2791 739 2858 lectioni
762 2804 904 2872 praestat.
954 2789 1033 2852 navi

42 2879 132 2944 edito
155 2881 253 2962 pasus
282 2883 473 2948 dictumest
503 2901 537 2950 ut
557 2909 585 2950 v.
611 2905 659 2965 171
694 2886 747 2950 cui
772 2885 869 2950 cresto
897 2894 1030 2965 superne

42 2975 141 3040 edite
181 2977 276 3059 pinus
296 2981 384 3060 quod
397 2990 552 3061 proceras
570 2981 668 3046 silam
688 2981 824 3054 decorat,
849 2979 942 3046 etiam
963 2998 1030 3040 ma·

47 3071 152 3150 iorem
172 3070 289 3136 indicat
308 3075 536 3155 proceritatem,
561 3096 641 3157 quae
661 3075 766 3142 statim
786 3074 907 3138 disertis
926 3072 1029 3140 verbis

44 3165 239 3247 depingitur.
280 3169 358 3232 haec
371 3186 477 3234 autem
490 3173 586 3234 verba
605 3169 720 3250 appen't
736 3169 835 3232 aert'is
854 3169 1030 3248 corenhgere

43 3261 182 3326 moos
201 3263 286 3340 (nam
305 3264 459 3328 montibm
481 3264 569 3346 quod
589 3265 623 3328 in
641 3264 728 3326 libris
748 3278 795 3326 est
808 3261 943 3325 correxit
955 3262 1030 3324 Sca-

43 3356 137 3437 liger,
158 3356 268 3437 cl.167
289 3358 345 3422 ubi
364 3359 496 3427 mou'bus
514 3360 548 3422 in
566 3357 825 3439 Cantabrigiensi)
846 3365 936 3420 astra
963 3375 1029 3418 non

45 3467 196 3532 poterant
214 3453 255 3516 ad
275 3454 380 3534 priora
393 3455 446 3518 illa
459 3455 519 3520 nisi
534 3455 689 3518 inconexa
701 3453 859 3530 accedere,
879 3452 939 3515 nisi
959 3451 1029 3532 quis

43 3545 202 3610 nenium
226 3547 290 3616 sive
310 3547 452 3612 vt'eielt'eet
472 3550 587 3613 addere
613 3549 710 3612 malit.
753 3548 834 3614 illud
858 3563 964 3612 autem
989 3546 1030 3608 ad
1151 3621 1154 3628 Ι

43 3640 179 3706 decorat
195 3643 284 3724 quod
304 3644 423 3708 accedit
441 3643 566 3712 hirsuta
578 3656 642 3726 per
660 3643 897 3717 artusindicat
916 3641 1029 3724 pinum
