2370 4072
498 187 604 233 cvtux

55 369 146 430 ardet
166 384 283 446 mente,
304 368 377 430 furit
397 369 592 445 stridoribus,
613 370 734 432 intonat
753 390 820 448 ore;

55 463 191 524 flexibus
212 463 326 526 eversis
346 479 510 544 torquetur
530 464 671 545 corporis
692 465 786 542 orbis,
848 464 849 469 ’

10 606 13 611 .
57 573 188 620 manant
208 559 398 640 sanguineae
419 574 609 639 pertractus
630 558 770 640 undique
791 575 911 640 guttae;

57 652 220 735 spiritibus
241 653 359 734 rumpit
379 653 497 715 fauces:
536 654 586 716 cui
608 670 720 716 cuncta
740 656 860 735 paranti

59 748 209 828 parvulus
230 749 315 822 hunc
335 746 422 829 prior
442 748 562 810 umoris
583 764 740 810 conterret
760 750 906 812 alumnus

61 859 90 904 et
109 847 249 905 mortem'
269 842 365 905 vitare
386 858 496 905 monet
513 863 569 922 per
588 844 748 921 acumina3
770 864 907 924 namque
987 844 990 851 ’

59 957 122 1018 qua
142 937 272 999 diducta
291 958 387 1017 genas
407 938 587 1018 pandebant
606 938 728 999 lumina
747 939 892 1019 gemmis,

61 1032 119 1093 hac
138 1030 273 1093 senioris
293 1048 358 1093 erat
378 1048 507 1092 naturae
528 1031 648 1111 pupula
668 1032 732 1093 telo

44 1126 121 1188 ‘icta
141 1125 213 1203 levi,
234 1145 308 1187 cum
327 1126 472 1206 prosiluit
493 1125 683 1188 furibundus
705 1141 735 1188 et
754 1126 846 1189 illum

61 1221 215 1283 obtritum
236 1221 331 1283 morti
350 1220 444 1298 misit,
465 1220 517 1282 cui
537 1219 662 1282 dissitus
683 1220 787 1283 omnis

60 1317 189 1398 spiritus
209 1315 340 1377 excessit
359 1334 478 1391 sensus,
502 1330 571 1376 tum
594 1330 683 1377 torva
703 1330 862 1378 tenentem

60 1412 184 1473 lumina
203 1409 339 1492 respexit
357 1425 536 1490 serpentem
556 1410 745 1489 comminus,
766 1411 839 1473 inde

20 1522 24 1537 ¹
61 1506 207 1586 impiger,
228 1506 391 1567 exanimus
411 1504 463 1566 vix
483 1524 615 1586 compos
636 1520 752 1583 mente,
773 1507 888 1587 refugit

62 1616 92 1662 et
111 1600 255 1662 validum
276 1601 384 1663 dextra
403 1615 551 1661 truncum
572 1600 704 1662 detraxit
723 1602 763 1663 ab
784 1620 878 1676 orno;

62 1695 114 1756 cui
136 1714 226 1756 casus
245 1694 370 1757 sociarit
391 1714 486 1775 opem
507 1714 665 1756 numenve
687 1695 831 1771 deorum,

61 1789 198 1870 prodere
218 1789 258 1851 sit
278 1789 422 1868 dubium,
442 1790 541 1851 valuit
560 1790 616 1851 s'ed
636 1789 762 1851 vincere
781 1790 850 1850 talis
901 1792 903 1797 ’

61 1884 193 1946 horrida
213 1885 375 1965 squamosi
394 1885 552 1947 volventia
573 1886 716 1946 membra
738 1884 891 1961 draconis,

59 1995 158 2061 atque
180 1980 358 2043 reluctantis
379 1981 495 2042 crebris
516 1980 673 2060 foedeque
694 1980 827 2060 petentis
948 1982 950 1986 ”

61 2067 178 2137 ictibus
199 2095 269 2136 ossa
289 2074 368 2154 ferit,
393 2075 523 2157 cingunt
544 2095 606 2156 qua
626 2090 770 2156 tempora
790 2075 913 2153 cristae3

63 2185 93 2232 et
115 2171 204 2251 quod
225 2185 290 2233 erat
308 2170 417 2246 virtus,
437 2170 526 2232 omni
549 2171 702 2251 languore
723 2184 856 2244 remote,

10 2311 13 2316 -
61 2285 122 2326 nec
143 2264 230 2345 prius
249 2264 402 2346 aspiciens
421 2265 518 2327 timor
537 2267 759 2327 obcaecaverat
779 2269 873 2341 artus,¹

62 2360 127 2422 hoc
147 2360 253 2422 minus
273 2358 429 2440 implicuit
448 2360 516 2421 dira
536 2359 706 2422 formidine
728 2374 875 2420 mentem.
1042 2381 1081 2425 200

63 2473 161 2534 quem
181 2469 350 2535 postquam
370 2454 447 2517 vidit
467 2474 594 2517 caesum
614 2455 825 2534 languescere,
845 2454 932 2516 sedit.
951 2481 954 2488 ¹

10 2562 25 2631 p
143 2550 208 2611 lam
229 2550 329 2631 quatit
349 2565 380 2612 et
400 2549 514 2631 biiugis
535 2551 639 2612 oriens
658 2549 787 2611 Erebeis
807 2569 906 2630 equos
925 2550 998 2610 Nox

60 2659 93 2705 et
113 2642 204 2724 piger
224 2659 331 2707 aurata
351 2645 493 2724 procedit
511 2645 631 2726 Vesper
650 2646 689 2706 ab
711 2645 800 2722 Oeta7

61 2758 137 2800 cum
158 2758 255 2819 grege
276 2740 442 2821 compulso
463 2754 569 2819 pastor
590 2739 822 2820 duplicantibus
842 2739 962 2801 umbris

61 2826 148 2895 v'adit
169 2848 200 2894 et
220 2833 252 2895 in
273 2833 371 2896 fessos
391 2834 535 2915 requiem
555 2835 629 2896 dare
649 2850 811 2914 comparat
830 2850 923 2896 artus.
1042 2853 1081 2897 aot

61 2929 153 2990 cuius
175 2943 210 2989 ut
230 2928 354 2990 intravit
373 2928 473 2990 levior
493 2948 549 3009 per
568 2949 702 3010 corpora
721 2948 853 2991 somnus

61 3022 398 3103 languidaqueeffuso
419 3024 602 3105 requierunt
622 3026 766 3085 membra
786 3043 909 3104 sopore,

60 3117 185 3198 effigies
205 3118 246 3179 ad
266 3136 341 3180 eum
361 3117 468 3179 culicis
489 3118 614 3180 devenit
635 3133 665 3181 et
685 3118 731 3179 illi

61 3211 156 3274 tristis
177 3214 216 3273 ab
238 3227 352 3274 eventu
373 3212 484 3274 cecinit
504 3212 645 3274 convicia
666 3212 784 3274 monis.

116 3453 154 3499 186
167 3467 193 3499 se
207 3453 292 3498 moris-
329 3454 366 3508 187
378 3453 438 3498 iacta
485 3465 522 3512 ¹92
535 3465 574 3498 ore
617 3464 655 3511 193
671 3452 711 3511 qui
757 3452 854 3498 sociaret
894 3465 931 3511 194
945 3453 1018 3496 voluit

10 3578 14 3592 ι
88 3523 146 3567 tales
188 3534 225 3580 197
238 3522 334 3568 cristam
374 3523 412 3580 198
424 3522 505 3566 tardus
546 3533 584 3579 199
596 3521 690 3567 nescius
704 3521 819 3579 aspiciens
