2536 4200
234 275 271 335 38
591 272 850 320 connunrnarvs

233 454 307 516 rivis
321 453 487 517 imminent
500 469 672 536 potaturae,
685 470 848 536 tamquam
861 455 1106 536 pulcritudinem
1120 475 1211 517 suam

232 547 266 610 in
286 569 441 630 aquarum
460 551 591 630 speculo
611 549 809 612 admirantes.
859 550 943 631 apud
964 565 1071 630 poetas
1099 571 1116 611 a
1142 551 1212 630 qui-

235 645 293 706 bus
313 664 381 706 rem
402 664 468 706 non
487 644 622 706 alienam
643 644 737 706 foisse
759 643 904 723 conicias,
925 645 1010 725 apud
1030 663 1138 706 rerum
1160 637 1219 724 pa·'

233 738 400 801 storalium
435 754 465 801 et
503 739 679 818 imaginum
712 754 905 802 enarratores
938 738 1101 821 quaerenti
1134 739 1215 800 nihil

234 833 362 895 obviam
388 833 506 896 factum
531 849 586 911 est,
616 834 671 896 sed
696 833 730 895 in
756 835 828 896 talia
853 833 971 896 incidas
992 834 1094 915 potius
1116 853 1215 915 quam

234 929 417 1008 quaerendo
435 928 605 1009 pervenias.
640 949 741 991 unum
756 929 903 991 indicavit
913 929 1048 1006 Ellisius‚
1069 930 1126 1010 qui
1145 929 1216 990 aliis

234 1021 348 1085 rectius
362 1023 401 1085 de
417 1024 479 1085 hoc
488 1043 579 1085 versu
591 1022 738 1087 iudicavit
751 1023 785 1085 in
795 1024 919 1104 ephem.
931 1025 1040 1105 philol.
1050 1023 1216 1086 America-

234 1136 350 1178 norum
363 1117 389 1193 3,
404 1119 470 1193 273,
484 1117 651 1199 Sophoclis
664 1117 722 1198 frg.
737 1119 792 1197 593
807 1118 846 1180 de
862 1138 943 1200 equa
957 1119 1081 1181 vidente
1098 1117 1130 1178 in
1145 1116 1216 1178 rivo

234 1226 265 1274 et
278 1228 436 1274 maerente
451 1232 560 1275 comae
575 1212 736 1275 iacturam.
762 1214 899 1294 capellae
912 1215 1016 1296 igitur,
1031 1228 1065 1275 ut
1075 1213 1217 1274 Senecae

233 1307 336 1368 verbis
356 1323 434 1386 utar,
460 1309 531 1370 fons
550 1308 730 1389 perlucidus
758 1307 929 1388 imaginem
947 1308 1059 1383 reddit,
1079 1308 1218 1369 blandus

233 1401 282 1463 sui
302 1421 392 1465 amor
413 1403 539 1466 dulcem
559 1417 719 1484 aspectum
741 1403 861 1465 formae
876 1402 948 1465 facit
966 1404 1038 1480 (nat.
1053 1418 1174 1484 quaest.
1193 1424 1217 1478 1,

238 1515 281 1576 17,
302 1498 344 1576 6);
370 1497 414 1560 sic
436 1499 534 1579 Hylas
554 1498 698 1578 Properti
713 1498 871 1577 formosis
895 1497 1072 1560 incumbens
1095 1497 1219 1559 nescz'us
1255 1521 1256 1526 ¹

233 1590 326 1654 undis
353 1612 498 1655 errorem
528 1591 651 1654 blandit
677 1591 788 1654 tardat
809 1592 1000 1674 imaginihis
1029 1597 1067 1671 (ι,
1088 1610 1134 1658 ao.
1156 1594 1218 1670 42),
1255 1627 1256 1668 p

235 1688 397 1750 Narcissus
423 1686 518 1750 Ovidi
543 1685 618 1748 dnm
642 1685 729 1759 bibit,
758 1685 845 1749 orsae
874 1686 1046 1767 corripitur
1075 1686 1220 1766 imagine
1255 1749 1256 1754 ,

225 1783 358 1862 formae
378 1784 461 1862 (met.
478 1784 504 1861 3,
523 1783 606 1862 416);
627 1795 733 1862 pastor
753 1773 986 1862 Calpurnianus
1007 1783 1044 1859 (2,
1065 1781 1128 1858 88lt
1139 1781 1218 1859 fon-
1255 1777 1256 1820 ἶ

234 1877 316 1940 tibus
342 1878 375 1941 in
400 1878 528 1960 liquidis
553 1875 692 1958 quantem
715 1895 765 1937 me
792 1877 949 1956 coitspz'cor
978 1875 1042 1958 ipse
1070 1875 1221 1938 admiror
1255 1895 1256 1928 f

234 1971 351 2046 letzem,
368 1973 566 2054 Vergilianus
579 1971 647 2048 (ecl.
662 1989 690 2048 a,
704 1973 767 2046 25):
787 1991 847 2034 nnn
866 1989 937 2033 sum
956 1969 1034 2033 adeo
1054 1970 1220 2049 informis:
1255 1971 1256 1976 ’

235 2077 335 2148 nnper
358 2088 407 2130 me
431 2068 463 2130 in
489 2067 579 2131 litore
602 2063 677 2137 vidi,
707 2084 777 2127 cnm
799 2065 962 2146 placidum
990 2065 1089 2128 venter
1116 2074 1224 2127 staret
1255 2059 1256 2135 ξ

235 2180 334 2223 mare.
375 2161 490 2242 quibus
511 2161 660 2223 omnibus
679 2161 727 2235 (ut
742 2159 859 2222 Ovidio
880 2176 952 2222 met.
972 2162 1015 2238 13,
1036 2161 1104 2240 839)
1126 2179 1221 2240 prae·

235 2256 345 2318 lusisse
370 2257 577 2319 Theocritum
602 2269 715 2316 notum
740 2271 785 2317 est
811 2257 848 2334 (6,
874 2256 934 2335 35):
955 2245 975 2341 ἦ
997 2255 1058 2340 γὰρ
1081 2255 1222 2340 πρᾶνές
1255 2283 1256 2351 3

236 2352 361 2417 πόντον
387 2351 572 2433 labiisnon,
599 2339 635 2434 ἧς
663 2349 700 2413 δὲ
728 2350 867 2430 rolina,
901 2352 955 2415 καὶ
982 2350 1066 2415 καλὰ
1090 2351 1151 2433 μὲν
1178 2350 1223 2414 τὰ
1255 2417 1256 2438 ¹

235 2449 342 2527 γένεια
362 2446 519 2527 (hirquina
539 2443 656 2506 scilicet
676 2446 781 2522 barba,
802 2444 839 2506 cf.
856 2445 915 2521 3‚8
939 2447 1030 2528 σιμὸς
1051 2448 1104 2508 καὶ
1128 2467 1221 2530 προ-
1255 2493 1256 2500 ,

235 2545 358 2622 rivaret
379 2541 398 2602 i.
420 2562 445 2602 e.
468 2541 546 2604 facie
567 2539 727 2619 hirquina3
759 2539 851 2620 Verg.
873 2541 929 2602 ecl.
951 2540 978 2618 8,
1000 2540 1057 2618 34),
1079 2539 1166 2602 καλὰ
1182 2539 1224 2604 δέ
1255 2529 1256 2536 ¹

235 2660 294 2720 pan
316 2635 339 2699 ἁ
364 2640 423 2718 μία
449 2635 546 2722 κώρα.
586 2650 750 2715 sumptum
771 2634 833 2696 hoc
857 2655 895 2697 ex
916 2635 982 2714 ipsa
1002 2648 1168 2714 pastorum
1191 2651 1223 2696 et

237 2730 428 2812 piscatorum
448 2729 520 2807 vita,
542 2745 576 2792 ut
597 2749 634 2790 ex
654 2728 813 2810 pecudum
835 2729 914 2791 illud
935 2728 1024 2810 quod
1037 2743 1222 2790 tractamus.
1255 2793 1256 2802 χ

236 2825 311 2888 item
333 2825 545 2888 Buechelerus
565 2843 594 2904 p.
618 2825 683 2886 326.
1255 2843 1256 2848 ¹

315 2921 379 2983 lam
409 2919 498 3001 quasi
523 2919 656 2982 trahitur
680 2933 772 2999 poeta
799 2918 839 2979 ad
864 2916 1106 2998 praedicandam
1137 2919 1224 2978 vitae
1255 2911 1256 2942 ³

235 3017 364 3096 agrestis
385 3014 619 3078 beatitudinem.
661 3013 749 3076 cuius
763 3013 825 3076 loci
842 3013 965 3075 colores
978 3027 1108 3093 poetam
1122 3031 1225 3091 quae·
1255 3013 1256 3090 ᾗ

235 3109 341 3172 sivisse
368 3129 406 3171 ex
430 3110 653 3191 georgicorum
678 3107 818 3170 secundo
844 3108 1028 3187 (458-474)
1057 3105 1224 3167 neminem

236 3204 326 3284 fugit,
347 3223 541 3285 quamquam
567 3204 661 3267 etiam
682 3203 808 3266 Lucreti
829 3203 866 3280 (a,
889 3201 1023 3278 23-36)
1051 3219 1126 3263 eum
1154 3220 1226 3262 me·
1255 3205 1256 3278 l

159 3315 227 3369 susq.
237 3317 360 3360 morem
386 3299 480 3361 fuisse
507 3299 710 3380 perspicuum
735 3313 789 3359 est.
839 3313 933 3377 atque
961 3296 1066 3376 ipsum
1092 3293 1225 3356 initium

237 3393 277 3454 ad
291 3392 410 3472 Vergili
430 3395 612 3474 exemplum
627 3391 837 3456 conformavit
850 3390 894 3453 sic
908 3389 1098 3470 incipientis:
1122 3391 1226 3469 osor·

236 3494 359 3548 tnnatos
382 3486 526 3561 nimium,
556 3507 615 3550 sica
640 3489 672 3550 ri
700 3486 781 3550 bona
808 3484 922 3557 norint,
952 3483 1122 3565 agricolas,
1156 3505 1227 3546 non
1255 3495 1256 3543 l

238 3581 440 3643 exclamativa
461 3598 583 3645 tantum
605 3582 755 3644 orationis
774 3579 879 3662 specie
898 3594 1027 3656 servata,
1047 3579 1103 3640 sed
1124 3577 1228 3641 inter·
1255 3587 1256 3594 ’
