<?xml version="1.0" encoding="UTF-8"?>
<!DOCTYPE html PUBLIC "-//W3C//DTD XHTML 1.0 Transitional//EN"
    "http://www.w3.org/TR/xhtml1/DTD/xhtml1-transitional.dtd">
<html xmlns="http://www.w3.org/1999/xhtml" xml:lang="en" lang="en">
 <head>
  <title>
</title>
<meta http-equiv="Content-Type" content="text/html;charset=utf-8" />
  <meta name='ocr-system' content='tesseract 3.04.00' />
  <meta name='ocr-capabilities' content='ocr_page ocr_carea ocr_par ocr_line ocrx_word'/>
</head>
<body>
  <div class='ocr_page' id='page_1' title='image "./cvlexcarmenverg00verggoog_0078.png"; bbox 0 0 2528 4202; ppageno 0'>
   <div class='ocr_carea' id='block_1_1' title="bbox 418 267 1063 356">
    <p class='ocr_par' dir='ltr' id='par_1_1' title="bbox 418 267 1063 356">
     <span class='ocr_line' id='line_1_1' title="bbox 418 267 1063 356; baseline 0.003 -18"><span class='ocrx_word' id='word_1_1' title='bbox 418 293 464 338; x_wconf 81' lang='lat' dir='ltr'>AD</span> <span class='ocrx_word' id='word_1_2' title='bbox 479 293 505 341; x_wconf 93' lang='lat' dir='ltr'>V.</span> <span class='ocrx_word' id='word_1_3' title='bbox 522 294 625 340; x_wconf 74' lang='lat' dir='ltr'>rar-188</span> <span class='ocrx_word' id='word_1_4' title='bbox 970 295 1011 356; x_wconf 81' lang='grc'>65,</span> <span class='ocrx_word' id='word_1_5' title='bbox 1052 267 1063 316; x_wconf 34' lang='grc' dir='ltr'>Ῐ</span> 
     </span>
    </p>
   </div>
   <div class='ocr_carea' id='block_1_2' title="bbox 23 475 1106 3679">
    <p class='ocr_par' dir='ltr' id='par_1_2' title="bbox 32 475 1106 2640">
     <span class='ocr_line' id='line_1_2' title="bbox 48 475 1010 556; baseline -0.001 -18"><span class='ocrx_word' id='word_1_6' title='bbox 48 478 268 555; x_wconf 83' lang='lat' dir='ltr'>Taubmannus‚</span> <span class='ocrx_word' id='word_1_7' title='bbox 294 475 349 556; x_wconf 90' lang='lat' dir='ltr'>qui</span> <span class='ocrx_word' id='word_1_8' title='bbox 374 475 467 537; x_wconf 89' lang='lat' dir='ltr'>etiam</span> <span class='ocrx_word' id='word_1_9' title='bbox 495 489 578 537; x_wconf 89' lang='lat' dir='ltr'>recte</span> <span class='ocrx_word' id='word_1_10' title='bbox 605 475 768 537; x_wconf 86' lang='lat' dir='ltr'>coniunxit</span> <span class='ocrx_word' id='word_1_11' title='bbox 792 484 927 537; x_wconf 87' lang='lat' dir='ltr'>naturae</span> <span class='ocrx_word' id='word_1_12' title='bbox 951 475 1010 537; x_wconf 88' lang='lat' dir='ltr'>telo</span> 
     </span>
     <span class='ocr_line' id='line_1_3' title="bbox 47 569 1011 650; baseline 0 -19"><span class='ocrx_word' id='word_1_13' title='bbox 47 572 61 631; x_wconf 87' lang='lat' dir='ltr'>i.</span> <span class='ocrx_word' id='word_1_14' title='bbox 74 592 96 633; x_wconf 92' lang='lat' dir='ltr'>e.</span> <span class='ocrx_word' id='word_1_15' title='bbox 111 570 250 633; x_wconf 83' lang='lat' dir='ltr'>acumine</span> <span class='ocrx_word' id='word_1_16' title='bbox 271 570 353 649; x_wconf 81' lang='lat'>(1843</span> <span class='ocrx_word' id='word_1_17' title='bbox 378 571 455 649; x_wconf 83' lang='lat'>178];</span> <span class='ocrx_word' id='word_1_18' title='bbox 476 571 536 632; x_wconf 90' lang='lat' dir='ltr'>alia</span> <span class='ocrx_word' id='word_1_19' title='bbox 550 569 689 650; x_wconf 91' lang='lat' dir='ltr'>Silligius</span> <span class='ocrx_word' id='word_1_20' title='bbox 710 570 883 650; x_wconf 86' lang='lat' dir='ltr'><strong>explicavit.</strong></span> <span class='ocrx_word' id='word_1_21' title='bbox 923 571 1011 649; x_wconf 87' lang='lat' dir='ltr'>plus-</span> 
     </span>
     <span class='ocr_line' id='line_1_4' title="bbox 46 665 1010 747; baseline 0 -19"><span class='ocrx_word' id='word_1_22' title='bbox 46 666 300 747; x_wconf 85' lang='lat' dir='ltr'>quamperfectum</span> <span class='ocrx_word' id='word_1_23' title='bbox 327 681 432 726; x_wconf 90' lang='lat' dir='ltr'>autem</span> <span class='ocrx_word' id='word_1_24' title='bbox 458 666 547 746; x_wconf 91' lang='lat' dir='ltr'>quod</span> <span class='ocrx_word' id='word_1_25' title='bbox 572 681 617 728; x_wconf 86' lang='lat' dir='ltr'>est</span> <span class='ocrx_word' id='word_1_26' title='bbox 641 665 702 727; x_wconf 87' lang='lat' dir='ltr'>ieta</span> <span class='ocrx_word' id='word_1_27' title='bbox 725 673 798 728; x_wconf 84' lang='lat' dir='ltr'>erat</span> <span class='ocrx_word' id='word_1_28' title='bbox 820 665 923 746; x_wconf 88' lang='lat' dir='ltr'>(atque</span> <span class='ocrx_word' id='word_1_29' title='bbox 949 665 1010 728; x_wconf 88' lang='lat' dir='ltr'>icta</span> 
     </span>
     <span class='ocr_line' id='line_1_5' title="bbox 45 759 1009 824; baseline -0.001 -2"><span class='ocrx_word' id='word_1_30' title='bbox 45 781 108 823; x_wconf 91' lang='lat' dir='ltr'>cum</span> <span class='ocrx_word' id='word_1_31' title='bbox 132 760 210 822; x_wconf 89' lang='lat' dir='ltr'>Italis</span> <span class='ocrx_word' id='word_1_32' title='bbox 235 759 300 820; x_wconf 89' lang='lat' dir='ltr'>sive</span> <span class='ocrx_word' id='word_1_33' title='bbox 325 767 407 822; x_wconf 86' lang='lat' dir='ltr'>tacta</span> <span class='ocrx_word' id='word_1_34' title='bbox 434 780 507 823; x_wconf 92' lang='lat' dir='ltr'>cum</span> <span class='ocrx_word' id='word_1_35' title='bbox 533 760 710 824; x_wconf 90' lang='lat' dir='ltr'>Schradero</span> <span class='ocrx_word' id='word_1_36' title='bbox 741 760 913 822; x_wconf 88' lang='lat' dir='ltr'>scribamus</span> <span class='ocrx_word' id='word_1_37' title='bbox 944 779 1009 822; x_wconf 94' lang='lat' dir='ltr'>non</span> 
     </span>
     <span class='ocr_line' id='line_1_6' title="bbox 46 854 1012 936; baseline -0.001 -19"><span class='ocrx_word' id='word_1_38' title='bbox 46 857 169 917; x_wconf 92' lang='lat' dir='ltr'>multum</span> <span class='ocrx_word' id='word_1_39' title='bbox 189 855 325 932; x_wconf 87' lang='lat' dir='ltr'>interest)</span> <span class='ocrx_word' id='word_1_40' title='bbox 347 873 413 916; x_wconf 93' lang='lat' dir='ltr'>non</span> <span class='ocrx_word' id='word_1_41' title='bbox 433 855 512 918; x_wconf 88' lang='lat' dir='ltr'>alius</span> <span class='ocrx_word' id='word_1_42' title='bbox 525 854 649 936; x_wconf 89' lang='lat' dir='ltr'>generis</span> <span class='ocrx_word' id='word_1_43' title='bbox 670 871 715 916; x_wconf 88' lang='lat' dir='ltr'>est</span> <span class='ocrx_word' id='word_1_44' title='bbox 736 875 833 935; x_wconf 91' lang='lat' dir='ltr'>quam</span> <span class='ocrx_word' id='word_1_45' title='bbox 853 856 941 935; x_wconf 90' lang='lat' dir='ltr'>quod</span> <span class='ocrx_word' id='word_1_46' title='bbox 962 855 1012 916; x_wconf 90' lang='lat' dir='ltr'>in-</span> 
     </span>
     <span class='ocr_line' id='line_1_7' title="bbox 44 948 1010 1031; baseline -0.001 -20"><span class='ocrx_word' id='word_1_47' title='bbox 44 950 170 1012; x_wconf 88' lang='lat' dir='ltr'>numeris</span> <span class='ocrx_word' id='word_1_48' title='bbox 199 949 276 1012; x_wconf 88' lang='lat' dir='ltr'>locis</span> <span class='ocrx_word' id='word_1_49' title='bbox 307 949 465 1011; x_wconf 90' lang='lat' dir='ltr'>invenitur</span> <span class='ocrx_word' id='word_1_50' title='bbox 501 951 586 1031; x_wconf 91' lang='lat' dir='ltr'>apud</span> <span class='ocrx_word' id='word_1_51' title='bbox 617 948 769 1012; x_wconf 88' lang='lat' dir='ltr'>Ovidium</span> <span class='ocrx_word' id='word_1_52' title='bbox 799 949 1010 1029; x_wconf 89' lang='lat' dir='ltr'>potissimum,</span> 
     </span>
     <span class='ocr_line' id='line_1_8' title="bbox 42 1043 1010 1126; baseline 0.001 -20"><span class='ocrx_word' id='word_1_53' title='bbox 42 1061 72 1106; x_wconf 94' lang='lat' dir='ltr'>ut</span> <span class='ocrx_word' id='word_1_54' title='bbox 89 1045 155 1106; x_wconf 90' lang='lat' dir='ltr'>ista:</span> <span class='ocrx_word' id='word_1_55' title='bbox 173 1053 352 1125; x_wconf 80' lang='lat' dir='ltr'><em>sumpserat</em></span> <span class='ocrx_word' id='word_1_56' title='bbox 368 1044 488 1125; x_wconf 68' lang='lat' dir='ltr'>igama</span> <span class='ocrx_word' id='word_1_57' title='bbox 509 1044 643 1108; x_wconf 77' lang='lat' dir='ltr'><em>Theseus</em></span> <span class='ocrx_word' id='word_1_58' title='bbox 662 1045 738 1108; x_wconf 89' lang='lat' dir='ltr'>data</span> <span class='ocrx_word' id='word_1_59' title='bbox 752 1043 866 1126; x_wconf 87' lang='lat' dir='ltr'>pocula</span> <span class='ocrx_word' id='word_1_60' title='bbox 886 1043 1010 1122; x_wconf 68' lang='lat' dir='ltr'>dextra</span> 
     </span>
     <span class='ocr_line' id='line_1_9' title="bbox 42 1139 1015 1221; baseline 0.001 -21"><span class='ocrx_word' id='word_1_61' title='bbox 42 1159 103 1201; x_wconf 82' lang='lat' dir='ltr'>eaor</span> <span class='ocrx_word' id='word_1_62' title='bbox 119 1139 264 1219; x_wconf 83' lang='lat' dir='ltr'>poterin</span> <span class='ocrx_word' id='word_1_63' title='bbox 284 1139 392 1220; x_wconf 84' lang='lat' dir='ltr'>capulo</span> <span class='ocrx_word' id='word_1_64' title='bbox 412 1139 522 1220; x_wconf 82' lang='lat' dir='ltr'><em>gladii</em></span> <span class='ocrx_word' id='word_1_65' title='bbox 543 1140 687 1221; x_wconf 82' lang='lat' dir='ltr'>cognovit</span> <span class='ocrx_word' id='word_1_66' title='bbox 709 1139 827 1201; x_wconf 80' lang='lat' dir='ltr'>eburno</span> <span class='ocrx_word' id='word_1_67' title='bbox 848 1139 943 1220; x_wconf 87' lang='lat' dir='ltr'>signa</span> <span class='ocrx_word' id='word_1_68' title='bbox 961 1139 1015 1201; x_wconf 86' lang='lat' dir='ltr'>sai</span> 
     </span>
     <span class='ocr_line' id='line_1_10' title="bbox 37 1233 1011 1315; baseline 0 -20"><span class='ocrx_word' id='word_1_69' title='bbox 37 1234 164 1314; x_wconf 79' lang='lat' dir='ltr'>generis.</span> <span class='ocrx_word' id='word_1_70' title='bbox 205 1233 354 1314; x_wconf 88' lang='lat' dir='ltr'>equidem</span> <span class='ocrx_word' id='word_1_71' title='bbox 379 1233 474 1314; x_wconf 90' lang='lat' dir='ltr'>igitur</span> <span class='ocrx_word' id='word_1_72' title='bbox 499 1254 565 1296; x_wconf 91' lang='lat' dir='ltr'>non</span> <span class='ocrx_word' id='word_1_73' title='bbox 590 1233 684 1296; x_wconf 86' lang='lat' dir='ltr'>video</span> <span class='ocrx_word' id='word_1_74' title='bbox 705 1253 761 1296; x_wconf 93' lang='lat' dir='ltr'>cur</span> <span class='ocrx_word' id='word_1_75' title='bbox 781 1235 867 1297; x_wconf 90' lang='lat' dir='ltr'>hunc</span> <span class='ocrx_word' id='word_1_76' title='bbox 887 1234 1011 1315; x_wconf 90' lang='lat' dir='ltr'>potissi-</span> 
     </span>
     <span class='ocr_line' id='line_1_11' title="bbox 41 1328 1011 1410; baseline 0.002 -22"><span class='ocrx_word' id='word_1_77' title='bbox 41 1347 121 1389; x_wconf 92' lang='lat' dir='ltr'>mum</span> <span class='ocrx_word' id='word_1_78' title='bbox 139 1328 245 1390; x_wconf 90' lang='lat' dir='ltr'>locum</span> <span class='ocrx_word' id='word_1_79' title='bbox 266 1328 355 1409; x_wconf 84' lang='lat' dir='ltr'>quasi</span> <span class='ocrx_word' id='word_1_80' title='bbox 373 1329 574 1410; x_wconf 88' lang='lat' dir='ltr'>desperatum</span> <span class='ocrx_word' id='word_1_81' title='bbox 588 1329 738 1409; x_wconf 89' lang='lat' dir='ltr'>insignire</span> <span class='ocrx_word' id='word_1_82' title='bbox 752 1329 864 1410; x_wconf 92' lang='lat' dir='ltr'>optimi</span> <span class='ocrx_word' id='word_1_83' title='bbox 878 1329 1011 1391; x_wconf 87' lang='lat' dir='ltr'>editores</span> 
     </span>
     <span class='ocr_line' id='line_1_12' title="bbox 40 1423 1012 1505; baseline 0.004 -23"><span class='ocrx_word' id='word_1_84' title='bbox 40 1423 195 1484; x_wconf 90' lang='lat' dir='ltr'>voluerint.</span> <span class='ocrx_word' id='word_1_85' title='bbox 236 1423 453 1490; x_wconf 90' lang='lat' dir='ltr'>testimonium</span> <span class='ocrx_word' id='word_1_86' title='bbox 474 1439 581 1485; x_wconf 88' lang='lat' dir='ltr'>autem</span> <span class='ocrx_word' id='word_1_87' title='bbox 601 1425 728 1486; x_wconf 93' lang='lat' dir='ltr'>nullum</span> <span class='ocrx_word' id='word_1_88' title='bbox 748 1439 793 1486; x_wconf 91' lang='lat' dir='ltr'>est</span> <span class='ocrx_word' id='word_1_89' title='bbox 807 1427 895 1505; x_wconf 91' lang='lat' dir='ltr'>quod</span> <span class='ocrx_word' id='word_1_90' title='bbox 909 1425 1012 1487; x_wconf 89' lang='lat' dir='ltr'>obiter</span> 
     </span>
     <span class='ocr_line' id='line_1_13' title="bbox 39 1517 1010 1598; baseline 0.003 -21"><span class='ocrx_word' id='word_1_91' title='bbox 39 1517 163 1578; x_wconf 89' lang='lat' dir='ltr'>intuenti</span> <span class='ocrx_word' id='word_1_92' title='bbox 192 1521 342 1598; x_wconf 83' lang='lat' dir='ltr'>praebere</span> <span class='ocrx_word' id='word_1_93' title='bbox 365 1517 497 1580; x_wconf 68' lang='lat' dir='ltr'>&#39;videtur</span> <span class='ocrx_word' id='word_1_94' title='bbox 527 1534 751 1598; x_wconf 86' lang='lat' dir='ltr'>argumentum</span> <span class='ocrx_word' id='word_1_95' title='bbox 780 1519 1010 1582; x_wconf 89' lang='lat' dir='ltr'>Donatianum:</span> 
     </span>
     <span class='ocr_line' id='line_1_14' title="bbox 35 1612 1014 1693; baseline 0.004 -21"><span class='ocrx_word' id='word_1_96' title='bbox 35 1621 136 1690; x_wconf 88' lang='lat' dir='ltr'>pastor</span> <span class='ocrx_word' id='word_1_97' title='bbox 145 1612 307 1693; x_wconf 75' lang='lat' dir='ltr'>fatigatas</span> <span class='ocrx_word' id='word_1_98' title='bbox 325 1623 413 1676; x_wconf 88' lang='lat' dir='ltr'>aestu</span> <span class='ocrx_word' id='word_1_99' title='bbox 436 1633 508 1675; x_wconf 85' lang='lat' dir='ltr'>cara</span> <span class='ocrx_word' id='word_1_100' title='bbox 529 1612 587 1674; x_wconf 87' lang='lat' dir='ltr'>sub</span> <span class='ocrx_word' id='word_1_101' title='bbox 607 1613 723 1674; x_wconf 86' lang='lat' dir='ltr'>arbore</span> <span class='ocrx_word' id='word_1_102' title='bbox 743 1613 967 1676; x_wconf 83' lang='lat' dir='ltr'>condormisset</span> <span class='ocrx_word' id='word_1_103' title='bbox 983 1623 1014 1675; x_wconf 88' lang='lat' dir='ltr'>et</span> 
     </span>
     <span class='ocr_line' id='line_1_15' title="bbox 37 1706 1015 1790; baseline 0.004 -23"><span class='ocrx_word' id='word_1_104' title='bbox 37 1717 157 1786; x_wconf 86' lang='lat' dir='ltr'>serpens</span> <span class='ocrx_word' id='word_1_105' title='bbox 175 1707 223 1768; x_wconf 87' lang='lat' dir='ltr'>ad</span> <span class='ocrx_word' id='word_1_106' title='bbox 237 1707 326 1770; x_wconf 86' lang='lat' dir='ltr'>illam</span> <span class='ocrx_word' id='word_1_107' title='bbox 341 1716 528 1789; x_wconf 78' lang='lat' dir='ltr'>proreperet</span> <span class='ocrx_word' id='word_1_108' title='bbox 545 1729 562 1769; x_wconf 92' lang='lat' dir='ltr'>e</span> <span class='ocrx_word' id='word_1_109' title='bbox 575 1706 701 1788; x_wconf 86' lang='lat' dir='ltr'>palude,</span> <span class='ocrx_word' id='word_1_110' title='bbox 729 1706 820 1769; x_wconf 79' lang='lat' dir='ltr'>culex</span> <span class='ocrx_word' id='word_1_111' title='bbox 832 1708 1015 1790; x_wconf 79' lang='lat' dir='ltr'>provolavit</span> 
     </span>
     <span class='ocr_line' id='line_1_16' title="bbox 38 1801 1011 1883; baseline 0.002 -22"><span class='ocrx_word' id='word_1_112' title='bbox 38 1811 122 1882; x_wconf 84' lang='lat' dir='ltr'>atque</span> <span class='ocrx_word' id='word_1_113' title='bbox 146 1801 227 1864; x_wconf 84' lang='lat' dir='ltr'>ireter</span> <span class='ocrx_word' id='word_1_114' title='bbox 251 1802 311 1864; x_wconf 83' lang='lat' dir='ltr'>dero</span> <span class='ocrx_word' id='word_1_115' title='bbox 337 1811 478 1883; x_wconf 86' lang='lat' dir='ltr'>tempora</span> <span class='ocrx_word' id='word_1_116' title='bbox 501 1802 643 1865; x_wconf 87' lang='lat' dir='ltr'>aculeum</span> <span class='ocrx_word' id='word_1_117' title='bbox 658 1801 742 1882; x_wconf 78' lang='lat' dir='ltr'>fixit</span> <span class='ocrx_word' id='word_1_118' title='bbox 755 1803 887 1882; x_wconf 72' lang='lat' dir='ltr'>pastori</span> <span class='ocrx_word' id='word_1_119' title='bbox 936 1822 1011 1863; x_wconf 91' lang='lat' dir='ltr'>nam</span> 
     </span>
     <span class='ocr_line' id='line_1_17' title="bbox 38 1896 1012 1977; baseline 0.001 -21"><span class='ocrx_word' id='word_1_120' title='bbox 38 1915 134 1977; x_wconf 89' lang='lat' dir='ltr'>neque</span> <span class='ocrx_word' id='word_1_121' title='bbox 154 1896 242 1974; x_wconf 86' lang='lat' dir='ltr'>illud,</span> <span class='ocrx_word' id='word_1_122' title='bbox 267 1916 284 1958; x_wconf 95' lang='lat' dir='ltr'>e</span> <span class='ocrx_word' id='word_1_123' title='bbox 304 1896 431 1977; x_wconf 86' lang='lat' dir='ltr'>palade,</span> <span class='ocrx_word' id='word_1_124' title='bbox 456 1913 599 1960; x_wconf 89' lang='lat' dir='ltr'>accurate</span> <span class='ocrx_word' id='word_1_125' title='bbox 624 1897 743 1958; x_wconf 90' lang='lat' dir='ltr'>rettulit</span> <span class='ocrx_word' id='word_1_126' title='bbox 763 1899 801 1974; x_wconf 89' lang='lat' dir='ltr'>(v.</span> <span class='ocrx_word' id='word_1_127' title='bbox 815 1898 848 1975; x_wconf 69' lang='lat' dir='ltr'>s.)</span> <span class='ocrx_word' id='word_1_128' title='bbox 876 1912 905 1957; x_wconf 92' lang='lat' dir='ltr'>et</span> <span class='ocrx_word' id='word_1_129' title='bbox 931 1896 1012 1957; x_wconf 85' lang='lat' dir='ltr'>inter</span> 
     </span>
     <span class='ocr_line' id='line_1_18' title="bbox 37 1990 1011 2072; baseline 0.001 -21"><span class='ocrx_word' id='word_1_130' title='bbox 37 1990 91 2052; x_wconf 84' lang='lat' dir='ltr'>duo</span> <span class='ocrx_word' id='word_1_131' title='bbox 120 1999 261 2072; x_wconf 84' lang='lat' dir='ltr'>tempora</span> <span class='ocrx_word' id='word_1_132' title='bbox 290 1992 378 2072; x_wconf 90' lang='lat' dir='ltr'>quod</span> <span class='ocrx_word' id='word_1_133' title='bbox 408 1992 495 2070; x_wconf 85' lang='lat' dir='ltr'>dicit,</span> <span class='ocrx_word' id='word_1_134' title='bbox 529 1993 637 2054; x_wconf 92' lang='lat' dir='ltr'>locum</span> <span class='ocrx_word' id='word_1_135' title='bbox 668 2011 733 2052; x_wconf 90' lang='lat' dir='ltr'>non</span> <span class='ocrx_word' id='word_1_136' title='bbox 763 1991 862 2052; x_wconf 90' lang='lat' dir='ltr'>alium</span> <span class='ocrx_word' id='word_1_137' title='bbox 893 1991 1011 2070; x_wconf 84' lang='lat' dir='ltr'>definit,</span> 
     </span>
     <span class='ocr_line' id='line_1_19' title="bbox 35 2085 1012 2168; baseline 0 -22"><span class='ocrx_word' id='word_1_138' title='bbox 35 2105 143 2163; x_wconf 92' lang='lat' dir='ltr'>parum</span> <span class='ocrx_word' id='word_1_139' title='bbox 164 2085 282 2148; x_wconf 87' lang='lat' dir='ltr'>delinit.</span> <span class='ocrx_word' id='word_1_140' title='bbox 323 2086 462 2168; x_wconf 91' lang='lat' dir='ltr'>adiungo</span> <span class='ocrx_word' id='word_1_141' title='bbox 477 2086 596 2167; x_wconf 84' lang='lat' dir='ltr'>Vergili</span> <span class='ocrx_word' id='word_1_142' title='bbox 610 2087 718 2148; x_wconf 90' lang='lat' dir='ltr'>locum</span> <span class='ocrx_word' id='word_1_143' title='bbox 735 2087 790 2168; x_wconf 93' lang='lat' dir='ltr'>qui</span> <span class='ocrx_word' id='word_1_144' title='bbox 804 2086 843 2147; x_wconf 92' lang='lat' dir='ltr'>ad</span> <span class='ocrx_word' id='word_1_145' title='bbox 857 2087 1012 2148; x_wconf 91' lang='lat' dir='ltr'>sermonis</span> 
     </span>
     <span class='ocr_line' id='line_1_20' title="bbox 34 2180 1106 2261; baseline 0.002 -20"><span class='ocrx_word' id='word_1_146' title='bbox 34 2199 130 2258; x_wconf 87' lang='lat' dir='ltr'>genus</span> <span class='ocrx_word' id='word_1_147' title='bbox 150 2199 250 2261; x_wconf 90' lang='lat' dir='ltr'>prope</span> <span class='ocrx_word' id='word_1_148' title='bbox 271 2180 391 2243; x_wconf 89' lang='lat' dir='ltr'>accedit</span> <span class='ocrx_word' id='word_1_149' title='bbox 410 2196 440 2242; x_wconf 91' lang='lat' dir='ltr'>et</span> <span class='ocrx_word' id='word_1_150' title='bbox 453 2181 594 2260; x_wconf 86' lang='lat' dir='ltr'>quodam</span> <span class='ocrx_word' id='word_1_151' title='bbox 609 2181 707 2243; x_wconf 92' lang='lat' dir='ltr'>modo</span> <span class='ocrx_word' id='word_1_152' title='bbox 721 2181 761 2242; x_wconf 94' lang='lat' dir='ltr'>ad</span> <span class='ocrx_word' id='word_1_153' title='bbox 774 2200 842 2242; x_wconf 91' lang='lat' dir='ltr'>rem</span> <span class='ocrx_word' id='word_1_154' title='bbox 856 2182 1012 2261; x_wconf 88' lang='lat' dir='ltr'>pertinere</span> <span class='ocrx_word' id='word_1_155' title='bbox 1104 2239 1106 2243; x_wconf 86' lang='grc'><em>,</em></span> 
     </span>
     <span class='ocr_line' id='line_1_21' title="bbox 34 2275 1017 2354; baseline 0.002 -21"><span class='ocrx_word' id='word_1_156' title='bbox 34 2275 182 2354; x_wconf 85' lang='lat' dir='ltr'>videatur,</span> <span class='ocrx_word' id='word_1_157' title='bbox 203 2296 270 2338; x_wconf 88' lang='lat' dir='ltr'>aen.</span> <span class='ocrx_word' id='word_1_158' title='bbox 294 2296 337 2354; x_wconf 76' lang='grc' dir='ltr'>η,</span> <span class='ocrx_word' id='word_1_159' title='bbox 358 2295 416 2343; x_wconf 83' lang='lat'>270</span> <span class='ocrx_word' id='word_1_160' title='bbox 434 2275 528 2338; x_wconf 80' lang='lat' dir='ltr'>kasta</span> <span class='ocrx_word' id='word_1_161' title='bbox 547 2275 708 2338; x_wconf 84' lang='lat' dir='ltr'>volaas—</span> <span class='ocrx_word' id='word_1_162' title='bbox 720 2275 834 2338; x_wconf 77' lang='lat' dir='ltr'>lterum</span> <span class='ocrx_word' id='word_1_163' title='bbox 854 2294 950 2336; x_wconf 87' lang='lat' dir='ltr'>anam</span> <span class='ocrx_word' id='word_1_164' title='bbox 969 2275 1017 2336; x_wconf 85' lang='lat' dir='ltr'>ad</span> 
     </span>
     <span class='ocr_line' id='line_1_22' title="bbox 34 2369 1012 2450; baseline 0 -20"><span class='ocrx_word' id='word_1_165' title='bbox 34 2370 176 2449; x_wconf 81' lang='lat' dir='ltr'>medium,</span> <span class='ocrx_word' id='word_1_166' title='bbox 206 2369 320 2432; x_wconf 74' lang='lat' dir='ltr'>aram</span> <span class='ocrx_word' id='word_1_167' title='bbox 349 2388 413 2450; x_wconf 82' lang='lat' dir='ltr'>qua</span> <span class='ocrx_word' id='word_1_168' title='bbox 441 2369 544 2432; x_wconf 69' lang='lat' dir='ltr'>rutilet</span> <span class='ocrx_word' id='word_1_169' title='bbox 571 2369 644 2444; x_wconf 77' lang='lat' dir='ltr'>alvo</span> <span class='ocrx_word' id='word_1_170' title='bbox 675 2369 793 2432; x_wconf 79' lang='lat' dir='ltr'>balteus</span> <span class='ocrx_word' id='word_1_171' title='bbox 818 2375 850 2432; x_wconf 86' lang='lat' dir='ltr'>et</span> <span class='ocrx_word' id='word_1_172' title='bbox 876 2369 1012 2431; x_wconf 83' lang='lat' dir='ltr'>latererm</span> 
     </span>
     <span class='ocr_line' id='line_1_23' title="bbox 32 2463 1012 2546; baseline 0.004 -22"><span class='ocrx_word' id='word_1_173' title='bbox 32 2463 191 2527; x_wconf 84' lang='lat' dir='ltr'>iuncturas</span> <span class='ocrx_word' id='word_1_174' title='bbox 213 2463 319 2545; x_wconf 82' lang='lat' dir='ltr'>fibula</span> <span class='ocrx_word' id='word_1_175' title='bbox 347 2464 473 2527; x_wconf 86' lang='lat' dir='ltr'>mordet</span> <span class='ocrx_word' id='word_1_176' title='bbox 500 2499 534 2509; x_wconf 84' lang='lat'>—</span> <span class='ocrx_word' id='word_1_177' title='bbox 566 2465 760 2546; x_wconf 82' lang='lat' dir='ltr'>transadigit</span> <span class='ocrx_word' id='word_1_178' title='bbox 786 2474 886 2527; x_wconf 82' lang='lat' dir='ltr'>costas</span> <span class='ocrx_word' id='word_1_179' title='bbox 915 2465 959 2542; x_wconf 86' lang='grc' dir='ltr'><strong>(ΙΙ.</strong></span> <span class='ocrx_word' id='word_1_180' title='bbox 981 2473 1012 2528; x_wconf 86' lang='lat' dir='ltr'><em>A</em></span> 
     </span>
     <span class='ocr_line' id='line_1_24' title="bbox 36 2560 761 2640; baseline 0.006 -24"><span class='ocrx_word' id='word_1_181' title='bbox 36 2560 84 2619; x_wconf 83' lang='lat'>132</span> <span class='ocrx_word' id='word_1_182' title='bbox 103 2561 172 2640; x_wconf 83' lang='lat' dir='ltr'>sq.).</span> <span class='ocrx_word' id='word_1_183' title='bbox 759 2597 761 2600; x_wconf 82' lang='grc'><em>·</em></span> 
     </span>
    </p>

    <p class='ocr_par' dir='ltr' id='par_1_3' title="bbox 23 2651 1063 3679">
     <span class='ocr_line' id='line_1_25' title="bbox 107 2651 1063 2736; baseline 0.002 -22"><span class='ocrx_word' id='word_1_184' title='bbox 107 2653 195 2714; x_wconf 88' lang='lat' dir='ltr'>Ferit</span> <span class='ocrx_word' id='word_1_185' title='bbox 212 2655 304 2736; x_wconf 86' lang='lat' dir='ltr'>plaga</span> <span class='ocrx_word' id='word_1_186' title='bbox 324 2654 423 2716; x_wconf 90' lang='lat' dir='ltr'>fatalis</span> <span class='ocrx_word' id='word_1_187' title='bbox 443 2653 586 2730; x_wconf 88' lang='lat' dir='ltr'>culicem,</span> <span class='ocrx_word' id='word_1_188' title='bbox 613 2651 765 2715; x_wconf 91' lang='lat' dir='ltr'>obtritum</span> <span class='ocrx_word' id='word_1_189' title='bbox 785 2667 891 2732; x_wconf 86' lang='lat' dir='ltr'>pastor</span> <span class='ocrx_word' id='word_1_190' title='bbox 909 2651 1014 2715; x_wconf 85' lang='lat' dir='ltr'>Morti</span> <span class='ocrx_word' id='word_1_191' title='bbox 1024 2671 1063 2716; x_wconf 81' lang='lat'>188</span> 
     </span>
     <span class='ocr_line' id='line_1_26' title="bbox 31 2746 1013 2828; baseline 0 -21"><span class='ocrx_word' id='word_1_192' title='bbox 31 2747 115 2810; x_wconf 86' lang='lat' dir='ltr'>misit</span> <span class='ocrx_word' id='word_1_193' title='bbox 132 2749 262 2828; x_wconf 85' lang='lat' dir='ltr'>scilicet,</span> <span class='ocrx_word' id='word_1_194' title='bbox 282 2749 334 2812; x_wconf 85' lang='lat' dir='ltr'>eui</span> <span class='ocrx_word' id='word_1_195' title='bbox 349 2748 476 2812; x_wconf 67' lang='lat' dir='ltr'>daseaes</span> <span class='ocrx_word' id='word_1_196' title='bbox 494 2749 595 2810; x_wconf 64' lang='lat' dir='ltr'>omnes</span> <span class='ocrx_word' id='word_1_197' title='bbox 606 2747 736 2828; x_wconf 75' lang='lat' dir='ltr'>spirita</span> <span class='ocrx_word' id='word_1_198' title='bbox 748 2746 881 2808; x_wconf 84' lang='lat' dir='ltr'>excessit</span> <span class='ocrx_word' id='word_1_199' title='bbox 890 2765 1013 2821; x_wconf 74' lang='lat' dir='ltr'>senseat,-</span> 
     </span>
     <span class='ocr_line' id='line_1_27' title="bbox 30 2839 1012 2925; baseline 0.003 -26"><span class='ocrx_word' id='word_1_200' title='bbox 30 2839 79 2903; x_wconf 88' lang='lat' dir='ltr'>illa</span> <span class='ocrx_word' id='word_1_201' title='bbox 106 2842 190 2924; x_wconf 90' lang='lat' dir='ltr'>epici</span> <span class='ocrx_word' id='word_1_202' title='bbox 210 2858 322 2925; x_wconf 92' lang='lat' dir='ltr'>poetae</span> <span class='ocrx_word' id='word_1_203' title='bbox 343 2843 472 2922; x_wconf 89' lang='lat' dir='ltr'>locutio,</span> <span class='ocrx_word' id='word_1_204' title='bbox 499 2845 575 2905; x_wconf 89' lang='lat' dir='ltr'>haec</span> <span class='ocrx_word' id='word_1_205' title='bbox 595 2842 787 2923; x_wconf 87' lang='lat' dir='ltr'>philosophi,</span> <span class='ocrx_word' id='word_1_206' title='bbox 815 2858 845 2902; x_wconf 88' lang='lat' dir='ltr'>et</span> <span class='ocrx_word' id='word_1_207' title='bbox 865 2840 1012 2920; x_wconf 89' lang='lat' dir='ltr'>Epicurei</span> 
     </span>
     <span class='ocr_line' id='line_1_28' title="bbox 30 2936 1010 3019; baseline 0 -23"><span class='ocrx_word' id='word_1_208' title='bbox 30 2936 170 3016; x_wconf 82' lang='lat' dir='ltr'>quidem,</span> <span class='ocrx_word' id='word_1_209' title='bbox 192 2938 295 3019; x_wconf 86' lang='lat' dir='ltr'>lepide</span> <span class='ocrx_word' id='word_1_210' title='bbox 311 2936 441 3000; x_wconf 90' lang='lat' dir='ltr'>iocantis</span> <span class='ocrx_word' id='word_1_211' title='bbox 461 2936 493 2997; x_wconf 91' lang='lat' dir='ltr'>in</span> <span class='ocrx_word' id='word_1_212' title='bbox 508 2952 609 2999; x_wconf 90' lang='lat' dir='ltr'>morte</span> <span class='ocrx_word' id='word_1_213' title='bbox 624 2936 730 2998; x_wconf 92' lang='lat' dir='ltr'>culicis</span> <span class='ocrx_word' id='word_1_214' title='bbox 751 2950 892 3016; x_wconf 87' lang='lat' dir='ltr'>utraque.</span> <span class='ocrx_word' id='word_1_215' title='bbox 914 2953 1010 3010; x_wconf 77' lang='lat' dir='ltr'>nam,</span> 
     </span>
     <span class='ocr_line' id='line_1_29' title="bbox 29 3029 1014 3113; baseline 0.002 -24"><span class='ocrx_word' id='word_1_216' title='bbox 29 3044 59 3091; x_wconf 91' lang='lat' dir='ltr'>ut</span> <span class='ocrx_word' id='word_1_217' title='bbox 84 3033 150 3094; x_wconf 91' lang='lat' dir='ltr'>hoc</span> <span class='ocrx_word' id='word_1_218' title='bbox 177 3033 317 3113; x_wconf 88' lang='lat' dir='ltr'>primum</span> <span class='ocrx_word' id='word_1_219' title='bbox 344 3031 519 3108; x_wconf 88' lang='lat' dir='ltr'>conficiam,</span> <span class='ocrx_word' id='word_1_220' title='bbox 544 3030 659 3093; x_wconf 70' lang='lat' dir='ltr'>sensere</span> <span class='ocrx_word' id='word_1_221' title='bbox 686 3030 773 3112; x_wconf 93' lang='lat' dir='ltr'>quod</span> <span class='ocrx_word' id='word_1_222' title='bbox 798 3050 835 3092; x_wconf 87' lang='lat' dir='ltr'>ex</span> <span class='ocrx_word' id='word_1_223' title='bbox 856 3029 1014 3092; x_wconf 88' lang='lat' dir='ltr'>Vossiano</span> 
     </span>
     <span class='ocr_line' id='line_1_30' title="bbox 28 3122 1011 3206; baseline -0.001 -22"><span class='ocrx_word' id='word_1_224' title='bbox 28 3140 54 3185; x_wconf 88' lang='lat' dir='ltr'>et</span> <span class='ocrx_word' id='word_1_225' title='bbox 80 3127 204 3189; x_wconf 87' lang='lat' dir='ltr'>Aldina</span> <span class='ocrx_word' id='word_1_226' title='bbox 234 3126 326 3188; x_wconf 89' lang='lat' dir='ltr'>multi</span> <span class='ocrx_word' id='word_1_227' title='bbox 357 3144 556 3206; x_wconf 84' lang='lat' dir='ltr'>receperunt,</span> <span class='ocrx_word' id='word_1_228' title='bbox 585 3137 712 3187; x_wconf 88' lang='lat' dir='ltr'>sensum</span> <span class='ocrx_word' id='word_1_229' title='bbox 743 3124 788 3186; x_wconf 92' lang='lat' dir='ltr'>rei</span> <span class='ocrx_word' id='word_1_230' title='bbox 818 3122 1011 3185; x_wconf 89' lang='lat' dir='ltr'>contrarium</span> 
     </span>
     <span class='ocr_line' id='line_1_31' title="bbox 28 3218 1012 3302; baseline 0.002 -24"><span class='ocrx_word' id='word_1_231' title='bbox 28 3220 216 3294; x_wconf 80' lang='lat' dir='ltr'>effecerun13</span> <span class='ocrx_word' id='word_1_232' title='bbox 246 3221 375 3302; x_wconf 81' lang='lat' dir='ltr'>spire&#39;tus</span> <span class='ocrx_word' id='word_1_233' title='bbox 398 3219 531 3282; x_wconf 86' lang='lat' dir='ltr'>excessit</span> <span class='ocrx_word' id='word_1_234' title='bbox 551 3239 659 3283; x_wconf 85' lang='lat' dir='ltr'>sensas</span> <span class='ocrx_word' id='word_1_235' title='bbox 681 3220 753 3282; x_wconf 88' lang='lat' dir='ltr'>licet</span> <span class='ocrx_word' id='word_1_236' title='bbox 776 3218 932 3300; x_wconf 91' lang='lat' dir='ltr'>Vergilius</span> <span class='ocrx_word' id='word_1_237' title='bbox 958 3233 1012 3280; x_wconf 90' lang='lat' dir='ltr'>aut</span> 
     </span>
     <span class='ocr_line' id='line_1_32' title="bbox 27 3312 1011 3392; baseline 0 -19"><span class='ocrx_word' id='word_1_238' title='bbox 27 3312 164 3378; x_wconf 90' lang='lat' dir='ltr'>Ovidius</span> <span class='ocrx_word' id='word_1_239' title='bbox 187 3335 253 3377; x_wconf 91' lang='lat' dir='ltr'>non</span> <span class='ocrx_word' id='word_1_240' title='bbox 274 3316 413 3378; x_wconf 90' lang='lat' dir='ltr'>dicturus</span> <span class='ocrx_word' id='word_1_241' title='bbox 434 3313 528 3376; x_wconf 89' lang='lat' dir='ltr'>fuerit</span> <span class='ocrx_word' id='word_1_242' title='bbox 546 3330 576 3378; x_wconf 85' lang='lat' dir='ltr'>et</span> <span class='ocrx_word' id='word_1_243' title='bbox 589 3315 738 3376; x_wconf 85' lang='lat' dir='ltr'>excedere</span> <span class='ocrx_word' id='word_1_244' title='bbox 752 3315 909 3376; x_wconf 87' lang='lat' dir='ltr'>soleamus</span> <span class='ocrx_word' id='word_1_245' title='bbox 923 3313 1011 3392; x_wconf 81' lang='lat' dir='ltr'>fines,</span> 
     </span>
     <span class='ocr_line' id='line_1_33' title="bbox 25 3406 1012 3490; baseline 0.002 -24"><span class='ocrx_word' id='word_1_246' title='bbox 25 3406 137 3490; x_wconf 88' lang='lat' dir='ltr'>fidem,</span> <span class='ocrx_word' id='word_1_247' title='bbox 173 3410 229 3472; x_wconf 91' lang='lat' dir='ltr'>sed</span> <span class='ocrx_word' id='word_1_248' title='bbox 254 3411 385 3484; x_wconf 78' lang='lat' dir='ltr'>foribus,</span> <span class='ocrx_word' id='word_1_249' title='bbox 415 3411 503 3482; x_wconf 78' lang='lat' dir='ltr'>urbe,</span> <span class='ocrx_word' id='word_1_250' title='bbox 533 3409 605 3470; x_wconf 90' lang='lat' dir='ltr'>satis</span> <span class='ocrx_word' id='word_1_251' title='bbox 630 3424 735 3469; x_wconf 89' lang='lat' dir='ltr'>tamen</span> <span class='ocrx_word' id='word_1_252' title='bbox 760 3407 838 3469; x_wconf 91' lang='lat' dir='ltr'>illud</span> <span class='ocrx_word' id='word_1_253' title='bbox 863 3425 1012 3488; x_wconf 92' lang='lat' dir='ltr'>compro-</span> 
     </span>
     <span class='ocr_line' id='line_1_34' title="bbox 25 3501 1015 3584; baseline 0.004 -24"><span class='ocrx_word' id='word_1_254' title='bbox 25 3501 146 3584; x_wconf 85' lang='lat' dir='ltr'>batum,</span> <span class='ocrx_word' id='word_1_255' title='bbox 163 3504 203 3568; x_wconf 85' lang='lat' dir='ltr'>cf.</span> <span class='ocrx_word' id='word_1_256' title='bbox 219 3505 291 3567; x_wconf 90' lang='lat' dir='ltr'>Sen.</span> <span class='ocrx_word' id='word_1_257' title='bbox 306 3505 386 3567; x_wconf 90' lang='lat' dir='ltr'>Oed.</span> <span class='ocrx_word' id='word_1_258' title='bbox 398 3506 434 3566; x_wconf 83' lang='lat'>23</span> <span class='ocrx_word' id='word_1_259' title='bbox 449 3523 510 3565; x_wconf 88' lang='lat' dir='ltr'>non</span> <span class='ocrx_word' id='word_1_260' title='bbox 523 3523 580 3584; x_wconf 85' lang='lat' dir='ltr'>ego</span> <span class='ocrx_word' id='word_1_261' title='bbox 586 3512 716 3584; x_wconf 89' lang='lat' dir='ltr'>penates</span> <span class='ocrx_word' id='word_1_262' title='bbox 722 3503 883 3583; x_wconf 67' lang='lat' dir='ltr'>profligas</span> <span class='ocrx_word' id='word_1_263' title='bbox 894 3503 1015 3565; x_wconf 79' lang='lat' dir='ltr'>excessi</span> 
     </span>
     <span class='ocr_line' id='line_1_35' title="bbox 23 3596 1011 3679; baseline 0.002 -22"><span class='ocrx_word' id='word_1_264' title='bbox 23 3615 121 3673; x_wconf 87' lang='lat' dir='ltr'>meos,</span> <span class='ocrx_word' id='word_1_265' title='bbox 153 3600 273 3662; x_wconf 90' lang='lat' dir='ltr'>Lucan.</span> <span class='ocrx_word' id='word_1_266' title='bbox 299 3620 329 3678; x_wconf 76' lang='lat' dir='ltr'>r,</span> <span class='ocrx_word' id='word_1_267' title='bbox 352 3617 411 3678; x_wconf 87' lang='lat'>497</span> <span class='ocrx_word' id='word_1_268' title='bbox 429 3598 554 3679; x_wconf 81' lang='lat' dir='ltr'>patrt‘at</span> <span class='ocrx_word' id='word_1_269' title='bbox 577 3596 725 3660; x_wconf 74' lang='lat' dir='ltr'>excedere</span> <span class='ocrx_word' id='word_1_270' title='bbox 744 3616 865 3672; x_wconf 82' lang='lat' dir='ltr'>muros3</span> <span class='ocrx_word' id='word_1_271' title='bbox 896 3597 962 3658; x_wconf 88' lang='lat' dir='ltr'>Liv.</span> <span class='ocrx_word' id='word_1_272' title='bbox 984 3615 1011 3677; x_wconf 83' lang='lat'>2,</span> 
     </span>
    </p>
   </div>
   <div class='ocr_carea' id='block_1_3' title="bbox 840 3709 855 3764">
    <p class='ocr_par' dir='ltr' id='par_1_4' title="bbox 840 3709 855 3764">
     <span class='ocr_line' id='line_1_36' title="bbox 840 3709 855 3764; baseline 0 0"><span class='ocrx_word' id='word_1_273' title='bbox 840 3709 855 3764; x_wconf 88' lang='grc'><strong><em>5</em></strong></span> 
     </span>
    </p>
   </div>
   <div class='ocr_carea' id='block_1_4' title="bbox 0 0 1268 4202">
    <p class='ocr_par' dir='ltr' id='par_1_5' title="bbox 0 0 1268 4202">
     <span class='ocr_line' id='line_1_37' title="bbox 0 0 1268 4202; baseline 0 6"><span class='ocrx_word' id='word_1_274' title='bbox 0 0 1268 4202; x_wconf 95' lang='lat' dir='ltr'> </span> 
     </span>
    </p>
   </div>
  </div>
 </body>
</html>
