2528 4202
233 334 271 395 58
591 329 849 376 contsraurnruvs

234 516 260 592 5,
278 514 341 592 173,
361 522 392 575 et
408 533 504 575 arma
523 511 578 575 vel
592 511 665 573 talis
682 509 796 573 vidisse
813 509 898 590 cupit
908 509 1023 571 Statius
1035 509 1115 570 Ach.
1130 528 1157 588 2,
1171 509 1210 570 80

234 609 272 686 (ι,
282 609 341 687 754
350 608 410 686 K),
425 608 463 670 cf.
478 607 542 670 Cir.
558 608 600 669 18.
627 607 671 669 sic
685 606 780 686 igitur
793 604 930 667 concidit
944 603 1084 680 beluam;
1099 602 1212 664 cristae

155 702 267 772 sarain
288 701 451 764 codicibus
464 717 651 765 correctum.
681 718 829 764 secuntur
843 698 1028 775 difficiliora,
1049 696 1081 758 in
1096 695 1210 776 quibus

232 795 471 875 interpretandis
496 795 761 877 proficiscendum
786 809 831 856 est
851 796 890 856 ab
916 790 1063 874 apodosi,
1089 791 1129 853 de
1152 811 1212 872 qua

233 890 319 952 nulla
340 906 385 952 est
406 890 570 969 dubitatio,
590 891 648 954 icoc
667 890 770 952 manus
787 888 939 970 implicuit
949 886 1023 950 dira
1033 885 1213 965 formr'dine

232 995 377 1060 mentem;
407 1004 488 1065 quae
518 984 666 1065 apodosis
692 984 833 1064 excipere
864 977 1008 1059 fortasse,
1038 981 1064 1042 si
1094 1001 1152 1061 per
1180 1001 1211 1042 se

232 1095 362 1159 spectas,
376 1079 428 1140 illa
448 1080 563 1159 poterit
576 1079 742 1161 quoderat
752 1077 872 1155 tardus,
893 1076 948 1138 sed
962 1076 1050 1137 nullo
1063 1076 1164 1137 modo
1178 1095 1212 1136 ea

233 1192 314 1254 quae
339 1173 536 1237 intercedunt
560 1174 680 1236 nescius
703 1172 854 1253 aspiciens
879 1171 973 1234 timor
996 1178 1214 1232 occaecaverat

232 1277 331 1340 artus,
352 1286 432 1347 quae
450 1282 516 1330 tota
529 1267 681 1348 partimve
695 1267 731 1332 ἐν
746 1270 942 1350 παρενθέσει
957 1264 1059 1346 posita
1075 1284 1142 1325 non
1156 1284 1212 1344 po·

232 1377 337 1425 terunt
357 1381 422 1424 non
444 1361 598 1424 contraria
613 1362 785 1424 sententiae
798 1381 874 1438 esse,
895 1379 970 1422 nam
984 1359 1073 1421 nullo
1087 1377 1212 1439 pugnae

232 1472 397 1518 momento
417 1455 512 1519 timor
531 1467 751 1519 occaecaverat
767 1466 857 1519 artus
876 1455 1023 1536 pastoris,
1049 1469 1085 1515 ut
1106 1453 1145 1515 de
1166 1453 1213 1515 his

232 1571 327 1632 quae,
358 1566 391 1613 ut
421 1551 515 1612 latina
545 1551 619 1630 sint,
655 1552 695 1613 ad
725 1571 792 1614 rem
822 1570 888 1613 non
918 1548 1018 1630 magis
1049 1547 1213 1629 quadrant,

230 1646 351 1708 nescius
370 1645 522 1727 aspiciens
541 1644 644 1720 amor,
666 1646 704 1707 de
724 1646 771 1706 his
785 1645 881 1726 igitur
894 1662 929 1707 ut
942 1660 1071 1707 taceam.
1112 1642 1212 1704 immo

232 1761 312 1821 quae
337 1741 557 1823 praedicantur
582 1741 648 1803 istis
674 1741 777 1803 verbis
801 1740 828 1801 si
853 1740 1055 1819 negabuntur
1081 1737 1212 1799 demum

231 1851 314 1896 recte
339 1837 476 1898 habebit.
524 1835 548 1897 si
574 1836 882 1917 adpropinquantem
908 1833 1019 1914 procul
1040 1847 1148 1913 pastor
1167 1832 1212 1893 vi-

231 1928 325 1990 disset
350 1948 537 2012 serpentem,
568 1931 658 1993 facile
689 1930 806 1991 factum
836 1944 916 1990 esset
942 1943 977 1989 ut
1003 1927 1118 1990 timore
1147 1927 1212 1988 eius
1254 1937 1255 1940 ’

230 2026 373 2085 membra
394 2027 659 2106 obtorpescerent,
685 2043 758 2086 curn
780 2022 961 2104 praesertim
981 2022 1213 2084 nonnullorum

231 2119 424 2197 serpentium
445 2120 577 2181 noxium
597 2139 664 2181 esse
685 2132 847 2198 aspectum
867 2116 1101 2197 comperiamus
1122 2118 1212 2196 (Plin.

231 2213 260 2287 8,
280 2230 317 2290 77
338 2213 408 2293 sq.);
438 2213 482 2275 sic
506 2233 573 2275 uno
598 2216 711 2275 obtutu
736 2213 913 2294 periculum
937 2227 1139 2292 cognoverat,
1166 2232 1213 2273 re-

183 2376 186 2382 ,
231 2320 325 2384 pente
335 2307 537 2386 repedaverat
547 2323 577 2371 et
590 2326 730 2388 pugnam
742 2327 807 2369 non
817 2322 995 2389 susceperat
1005 2306 1107 2387 magis
1116 2326 1212 2388 quam

231 2399 459 2479 profligaverat.
510 2420 586 2481 ergo
616 2402 779 2482 egregium
809 2402 927 2464 factum
958 2402 1046 2482 quod
1073 2402 1212 2484 Silligius

233 2494 378 2574 negativo
399 2494 556 2556 vocabulo
580 2495 624 2557 sic
650 2515 725 2557 usus
752 2512 806 2570 est,
834 2511 869 2558 ut
894 2497 1097 2577 negationem
1118 2496 1214 2558 simul

233 2604 263 2650 et
283 2589 434 2669 temporis
459 2604 529 2652 ante
554 2590 614 2651 acti
640 2589 804 2652 notionem
830 2591 922 2652 nobis
946 2605 1131 2671 praestaret:
1161 2610 1213 2654 nec

226 2681 322 2762 privs
350 2683 501 2764 aspiciens
530 2683 625 2746 timor
655 2685 683 2764 (i.
711 2705 737 2747 e.
767 2685 863 2747 timor
892 2685 1074 2766 aspiciendo
1105 2684 1213 2757 factus,
1252 2741 1253 2760 ,

233 2775 420 2856 aspicientis)
440 2788 661 2841 occaecaverat
674 2789 774 2841 artus.
805 2780 880 2841 item
894 2779 1052 2860 Hauptius
1066 2779 1214 2842 iudicavit
1252 2777 1253 2849 l

235 2886 265 2933 et
289 2871 396 2951 Thilo,
425 2873 481 2954 qui
500 2873 677 2954 Hauptium
703 2873 798 2935 etiam
822 2874 855 2934 in
880 2872 1102 2936 emendatione
1129 2889 1214 2936 ante-

235 2966 372 3029 cedentis
392 2986 500 3029 versus
520 2987 594 3030 sane
614 2988 680 3030 non
700 2967 855 3048 probabili
874 2969 1024 3049 sequitur.
1064 2968 1214 3029 nimirum

236 3061 323 3140 quod
342 3061 414 3123 libri
433 3066 584 3143 praebent
603 3072 635 3125 et
650 3062 736 3143 quod
750 3071 824 3125 erat
833 3061 946 3125 mrdrcs
958 3063 1044 3124 omni
1061 3061 1216 3144 longiore
1251 3137 1252 3154 ἵ

234 3164 352 3217 remoto
382 3156 497 3236 quibus
526 3157 696 3220 sententiae
726 3172 832 3238 atque,
854 3156 944 3218 metri
974 3176 1104 3238 quoque
1135 3158 1215 3220 vitiis
1251 3163 1252 3235 l

235 3251 357 3312 laboret
381 3266 522 3332 apparet;
552 3251 612 3313 nisi
636 3252 724 3333 quod
749 3253 788 3313 ad
814 3267 952 3313 metrum
978 3252 1215 3314 defendendum

235 3362 343 3406 versus
365 3345 419 3426 395
441 3362 472 3407 et
495 3365 549 3426 ¹24
568 3344 683 3408 adferri
704 3361 844 3427 possunt,
868 3346 1055 3409 sententiam
1076 3349 1215 3411 Naekius

235 3458 265 3519 p.
288 3440 344 3502 306
370 3439 534 3502 infeliciter
558 3440 707 3503 defendit.
753 3441 865 3504 tardus
889 3442 974 3504 enirn
999 3443 1090 3506 nullo
1117 3445 1215 3507 modo
1250 3473 1251 3486 ¹

236 3535 385 3614 appellari
410 3533 513 3616 potest
538 3534 724 3614 quistatim
757 3553 882 3617 aspecto
912 3554 1056 3620 serpente
1081 3537 1216 3620 impiger

236 3627 385 3710 refugerit
410 3629 552 3708 quamvis
577 3629 770 3692 exanimatus
800 3647 830 3694 et
859 3633 910 3694 vix
935 3651 1067 3713 compos
1092 3634 1215 3696 mentis.
