2370 4072
210 280 229 340 5
619 278 724 324 cvcex

211 460 258 522 his
279 462 404 523 suberat
423 457 533 539 gelidis
554 478 683 520 manans
703 479 720 520 e
744 459 884 522 fontibus
908 461 1001 537 unda,

211 576 292 637 quae
312 555 433 616 levibus
453 553 613 635 placidum
634 553 706 615 rivis
726 570 817 616 sonat
836 570 903 616 acta
923 556 1093 637 liquorum.

147 671 185 728 1511
212 664 242 710 et
262 667 388 729 quaqua
408 647 548 728 geminas
569 647 675 708 avium
693 667 755 708 vox
775 649 926 729 obstrepit
945 670 1044 727 aures,

211 744 270 805 hac
290 743 440 825 querulae
460 742 599 803 referunt
618 761 711 804 voces
732 743 802 822 quis
823 744 928 805 nantia
948 744 1025 806 limo

212 857 346 919 corpora
366 837 496 918 lympha
517 837 615 913 fovet;
636 837 757 898 sonitus
777 838 831 899 alit
851 839 929 899 aeris
951 840 1039 917 echo,

209 933 328 1014 argutis
349 948 378 994 et
399 947 511 994 cuncta
532 931 671 993 fremunt
690 932 802 994 ardore
823 933 945 994 cicadis.

156 1027 158 1031 ’
210 1042 240 1088 at
261 1027 342 1089 circa
361 1027 477 1108 passim
498 1027 596 1087 fessae
618 1028 756 1087 cubuere
777 1028 913 1107 capellae

146 1110 185 1186 tsi
210 1122 339 1184 excelsis
359 1124 467 1183 subter
488 1121 602 1200 dumis,
623 1141 704 1203 quos
724 1122 836 1183 leniter
855 1123 972 1185 adflans

210 1239 286 1281 aura
305 1217 494 1280 susurrantis
513 1218 614 1298 poscit
634 1218 829 1279 confundere
850 1220 943 1280 venti.

210 1330 316 1395 pastor
334 1329 369 1375 ut
387 1314 427 1375 ad
447 1314 569 1375 fontem
590 1313 686 1374 densa
706 1314 858 1393 requievit
879 1315 911 1374 in
932 1318 1052 1390 umbra,

210 1410 320 1471 mitem
341 1408 485 1489 concepit
504 1406 663 1489 proiectus
684 1409 827 1469 membra
847 1429 1005 1489 soporem,

210 1503 320 1564 anxius
340 1502 460 1563 insidiis
480 1502 584 1574 nullis,
604 1502 660 1563 sed
680 1502 783 1562 lentus
803 1503 836 1563 in
857 1504 962 1565 herbis

95 1604 97 1608 “
146 1614 185 1658 tao
209 1618 322 1661 securo
342 1617 465 1679 pressos
485 1616 600 1660 somno
620 1596 823 1659 mandaverat
846 1614 944 1675 artus3

210 1708 322 1755 stratus
342 1694 434 1754 humi
454 1693 580 1755 dulcem
602 1693 743 1775 capiebat
763 1693 859 1755 corde
879 1695 1027 1774 quietem,

210 1787 243 1849 ni
264 1788 342 1849 Fors
363 1787 498 1850 incertos
519 1787 657 1850 iussisset
677 1788 792 1850 ducere
814 1808 911 1850 casus.

268 1885 351 1945 Nam
371 1884 500 1946 solitum
520 1885 649 1947 volvens
670 1884 709 1945 ad
730 1899 856 1965 tempus
876 1885 1024 1945 tractibus
1043 1886 1144 1949 isdem

211 1979 356 2040 immanis
377 1979 464 2040 vario
486 1980 662 2041 maculatus
682 1999 815 2061 corpore
836 2000 974 2060 serpens,
1063 1976 1067 1983 ’

146 2092 186 2136 ras
212 2092 332 2135 mersus
353 2088 387 2134 ut
407 2073 440 2134 in
460 2073 537 2135 limo
558 2093 675 2154 magno
695 2075 871 2135 subsideret
891 2089 986 2149 aestu,

213 2168 305 2229 obvia
324 2167 460 2229 vibranti
479 2187 617 2248 carpens,
637 2168 739 2247 gravis
760 2188 841 2244 aere,
862 2168 979 2248 lingua,

119 2253 122 2258 ⁵
211 2283 397 2345 squamosos
417 2263 477 2323 late
498 2263 665 2343 torquebat
684 2262 823 2323 motibus
845 2265 952 2339 orbes;

211 2358 363 2420 tollebant
382 2356 446 2418 irae
466 2356 619 2419 venientis
639 2356 679 2417 ad
700 2357 808 2418 omnia
827 2357 920 2418 visus.

211 2453 274 2514 iam
296 2453 394 2532 magis
415 2467 508 2533 atque
530 2452 629 2533 magis
650 2471 761 2531 corpus
782 2452 956 2513 revolubile
977 2454 1106 2514 volvens

147 2565 186 2610 tro
211 2546 322 2609 attollit
342 2546 449 2608 nitidis
469 2563 578 2627 pectus
598 2546 789 2625 fulgoribus:
811 2566 882 2608 ecce

211 2641 339 2702 sublimi
359 2643 478 2704 cervice
499 2656 601 2722 caput,
622 2641 673 2702 cui
693 2641 783 2703 crista
802 2661 938 2722 superne

211 2735 303 2814 edita,
324 2752 488 2817 purpureo
508 2736 617 2798 lucens
637 2737 814 2798 maculatur
832 2737 949 2799 amictu

211 2846 401 2912 aspectuque
422 2830 516 2892 micat
535 2831 735 2892 flammarum
755 2831 875 2893 lumine
898 2848 998 2894 torvo.

211 2927 348 2986 metabat
368 2945 435 2987 sese
456 2925 574 2987 circum
594 2927 679 3004 loca3
699 2945 773 2987 cum
793 2926 879 2989 videt
898 2928 1007 3007 ingens

147 3039 185 3083 tte
211 3020 378 3082 adversum
398 3022 548 3082 recubare
569 3019 685 3082 ducem
704 3021 816 3101 gregis,
837 3022 939 3083 acrior
958 3022 1050 3082 instat

210 3114 332 3176 lumina
351 3113 529 3176 diffundens
550 3114 712 3177 intendere
733 3130 763 3176 et
783 3116 876 3176 obvia
896 3131 1002 3177 torvos

211 3210 334 3291 saepius
354 3210 505 3292 arripiens
525 3209 705 3291 infringere,
726 3211 814 3291 quod
833 3231 890 3272 sua
911 3211 1080 3292 quisquam

212 3306 252 3367 ad
273 3306 352 3366 vada
371 3306 513 3368 venisset.
555 3321 685 3368 naturae
706 3321 864 3387 comparat
884 3325 979 3383 arma,

264 3476 302 3529 148
315 3484 407 3534 superat
448 3485 550 3536 1490rra
564 3477 681 3536 liquorem
722 3489 759 3532 ¹50
772 3490 914 3536 quamquam
954 3489 989 3532 ¹51
1006 3479 1115 3535 querulas
1129 3493 1163 3522 ex-

211 3551 283 3596 cerpta
304 3555 340 3598 155
351 3545 497 3603 excelsisque
506 3558 576 3604 super
609 3557 670 3602 quos
679 3545 762 3590 leniter
770 3552 880 3597 exempta.-
889 3552 948 3602 quae
957 3544 1038 3588 leviter
1067 3547 1103 3604 163
1113 3548 1164 3592 idae

213 3612 249 3666 165
263 3612 391 3657 subdideris
432 3614 469 3668 107
483 3614 603 3658 montibus
645 3613 681 3658 168
695 3626 763 3658 aurae
805 3625 842 3666 ¹7⁰
855 3620 878 3657 et
891 3626 916 3656 se
957 3613 995 3667 176
1008 3621 1076 3658 torvo
