2370 4072
429 235 474 281 Au
489 235 516 283 V·
529 249 635 294 403-407
969 255 1022 314 ¹09

25 419 200 502 gilianam
218 417 244 478 si
258 419 392 480 extemis
410 419 602 498 argumentis
621 437 702 498 opus
718 431 805 479 esset.
847 414 1021 476 bumastum
1034 426 1073 471 tor

31 514 128 596 quod
154 512 311 575 virentem
330 512 474 593 appellat,
501 512 645 574 fruticem
667 532 732 574 non
752 512 863 573 florem
884 509 1023 590 intellegi

26 608 167 684 indicat,
193 623 264 688 apte
290 622 359 688 post
383 607 546 682 hederam;
572 627 638 668 non
662 621 744 669 recte
769 605 864 686 igitur
884 604 1022 685 Scaliger

26 701 285 767 commendabat
315 701 428 765 Bembi
462 702 676 764 coniecturam
710 699 935 782 buphthalmus.
989 699 1022 760 in

27 799 156 862 eodem
170 816 263 859 versu
277 796 441 876 negotium
456 795 528 858 facit
546 807 669 877 semper
673 794 799 878 florido
805 795 909 876 pinus.
943 795 1021 856 Ver-

27 893 131 974 gilius
152 911 262 974 georg.
282 910 311 970 4,
337 910 388 952 112
415 905 446 954 et
471 910 518 970 141
550 891 661 972 pinum
687 891 780 952 habet
810 889 921 969 apibus
950 908 1021 969 gra-

26 986 203 1062 tissimam,
225 985 403 1047 Columella
416 1007 444 1066 9,
464 1005 493 1066 4,
515 1005 531 1047 2
553 986 633 1049 inter
653 986 730 1048 alios
749 984 875 1046 frutices
890 983 1021 1063 exiguos

26 1079 111 1144 item
141 1078 256 1159 apibus
282 1081 539 1143 accommodatos
567 1095 708 1143 recenset
728 1079 885 1160 thymum,
915 1098 1020 1140 rorem

28 1173 212 1252 marinum,
233 1186 355 1257 semper
373 1174 525 1238 virentem
544 1175 657 1256 pinum
680 1189 710 1236 et
730 1173 887 1235 minorem
907 1173 1020 1250 ilicem,

30 1271 70 1334 cf.
97 1272 126 1348 5,
147 1269 168 1330 6
188 1267 293 1331 casuue
312 1268 385 1349 pini
405 1271 605 1334 rosmarinns
625 1287 692 1348 ete,
716 1269 808 1331 Ovid.
829 1283 884 1330 art.
907 1269 932 1344 3,
953 1268 1019 1347 692.

30 1366 137 1428 multa
152 1363 193 1425 ad
209 1362 267 1424 hos
282 1363 423 1446 aliosque
434 1365 523 1428 locos
533 1365 591 1427 viri
601 1365 774 1428 doctissimi
785 1364 1021 1444 disputaverunt

10 1494 12 1519 ÷
33 1474 63 1522 et
77 1473 136 1521 aut
149 1457 250 1520 tinum
264 1459 451 1524 substituere
464 1461 612 1525 volebant
626 1461 673 1540 (cf.
689 1462 775 1523 Serv.
789 1478 896 1538 georg.
910 1477 938 1537 4,
957 1460 1019 1537 141)

34 1569 87 1616 aut
116 1552 158 1614 de
185 1550 251 1631 pini
275 1573 390 1633 genere
420 1556 585 1637 ambiguas
614 1555 781 1618 sententias
810 1554 1018 1637 proferebant.

36 1646 231 1726 Hehnius(p.
240 1647 307 1724 261)
319 1647 400 1710 hanc
410 1650 628 1730 quaestionem
636 1671 701 1713 non
708 1650 817 1730 tetigit.
834 1665 927 1731 atque
938 1649 1020 1710 tinus

40 1742 172 1824 quidem
191 1763 256 1823 quo
278 1743 345 1807 iure
364 1755 487 1826 semper
498 1745 623 1827 florida
643 1746 817 1827 appelletur
837 1762 902 1804 non
916 1741 1018 1803 vide0.

42 1835 138 1900 immo
160 1837 274 1918 pinum
293 1839 379 1900 illam
395 1839 548 1902 Romanis
566 1841 762 1903 notissimam
775 1840 825 1902 vel
839 1839 1019 1900 hortensem

44 1933 86 1995 rel
106 1932 142 1994 in
164 1933 248 1995 silvis
269 1933 469 1996 fruticantem
489 1934 540 1996 hic
560 1935 707 1996 audimus
729 1944 851 2015 semper
861 1931 1018 2016 fhre'dam

46 2028 190 2110 appellari
210 2049 246 2090 ac
266 2028 416 2091 discimus
440 2030 552 2110 pinum
576 2031 662 2092 illam
684 2048 750 2091 esse
770 2029 908 2110 aliquem
930 2027 1019 2088 fruti-

48 2141 106 2185 cem
127 2142 186 2204 per
210 2124 327 2185 multos
348 2123 422 2186 anni
448 2144 571 2187 menses
591 2125 722 2186 floribus
743 2139 900 2199 ornatam;
931 2122 1018 2202 quod

47 2234 103 2280 non
129 2217 237 2280 minus
257 2219 431 2281 necessario
456 2220 598 2301 sequitur
622 2241 660 2282 ex
689 2219 797 2300 apium
827 2234 911 2282 tanta
936 2217 1018 2279 illius

46 2312 163 2390 plantae
181 2313 359 2394 cupiditate.
401 2314 466 2376 duo
487 2315 520 2375 in
539 2314 599 2376 isto
621 2315 763 2395 catalogo
777 2334 884 2376 versus
904 2328 1019 2375 restant

46 2407 241 2488 expediendi,
271 2408 348 2471 alter
378 2409 417 2471 de
448 2429 518 2470 rosa
551 2411 606 2490 399
637 2429 733 2490 quem
762 2409 806 2471 sic
834 2423 1070 2490 corruptumatu

45 2504 167 2580 praebet
193 2503 367 2565 Bembinus
393 2513 425 2566 et
445 2524 521 2567 resa
544 2515 741 2586 purpureum
771 2513 909 2567 crescent
934 2501 1018 2566 rubi-

44 2595 144 2660 luuda
173 2607 329 2660 terrerem
359 2599 579 2662 accedentibus
609 2600 736 2682 reliquis
769 2599 829 2661 nisi
862 2595 950 2678 quod
980 2617 1018 2658 ex

42 2692 202 2754 nonnullis
222 2702 358 2755 tererem
371 2693 422 2755 vel
435 2703 558 2757 terrore
578 2710 733 2771 enotatur,
754 2714 834 2775 quae
848 2691 1018 2772 scripturae

41 2806 103 2850 non
124 2787 229 2849 minus
254 2788 294 2850 ad
314 2797 470 2850 terrorem
494 2788 573 2850 illud
598 2790 731 2852 redeunt
755 2808 852 2869 quam
877 2785 965 2867 quod
985 2785 1018 2846 in

41 2882 290 2964 Cantabrigiensi
310 2883 424 2964 legitur
437 2891 500 2962 per
518 2883 641 2956 orbem,·
660 2899 753 2965 atque
774 2883 800 2945 si
820 2883 890 2963 quis
910 2899 1018 2942 emen-

40 2976 111 3039 dare
132 2977 274 3039 instituat
294 2985 458 3050 terrorem,
480 2978 591 3040 dubito
606 2998 646 3040 an
661 2998 727 3040 non
741 2977 838 3057 possit
852 2975 1018 3038 meliorem

39 3071 215 3152 excogitare
246 3073 459 3135 coniecturam
490 3091 586 3154 quam
616 3072 693 3134 haec
728 3087 787 3134 est:
823 3081 1019 3152 purpureum

39 3185 177 3230 crescens
200 3167 254 3246 (sic
275 3167 351 3245 Itali>
370 3176 433 3247 per
457 3167 578 3241 orbem,-
607 3187 703 3247 quarn
734 3187 799 3229 non
829 3165 1017 3229 deteriorem

38 3260 69 3324 in
90 3262 154 3324 hoc
178 3278 272 3342 poeta
298 3262 370 3325 facit
395 3261 505 3324 similis
529 3282 677 3324 versuum
699 3263 750 3342 39¹
780 3277 810 3324 et
832 3263 887 3342 396
909 3261 1017 3323 exitus.

37 3355 69 3417 in
81 3356 241 3419 Bembino
263 3358 351 3439 quod
370 3357 485 3438 legitur
504 3356 682 3420 rubibunda
702 3359 789 3420 solus
809 3358 912 3432 habet,
932 3358 1017 3422 rubi·

37 3449 139 3513 cunda
167 3451 289 3533 reliqui.
338 3471 450 3533 operae
480 3452 617 3532 pretium
648 3469 693 3515 est
723 3453 844 3515 adferre
868 3454 1018 3518 Prisciani

36 3544 145 3608 locum
161 3566 170 3607 1
185 3565 215 3626 p.
226 3546 279 3625 137
294 3546 348 3627 qui
362 3563 525 3610 enumerat
539 3549 670 3612 averbis
684 3549 817 3611 formata
832 3547 1018 3616 ludibundus
