2370 4072
411 221 616 282 noum-295
963 222 1002 301 89

26 416 134 479 rates,v
153 401 203 463 hic
233 404 340 484 proavi
373 424 487 485 regum
500 404 746 481 Troianorum,
770 403 832 469 .hic
865 403 1002 483 denique

26 494 199 573 Dardanae
221 498 328 578 proles
355 519 437 579 quae
464 498 574 565 decade
602 509 755 581 sequcmr.
801 500 878 561 haec
908 497 1003 578 igitur

27 610 91 667 pon
114 589 223 666 omnia
246 591 278 664 in
305 593 414 656 Culice
439 593 516 657 item
541 592 737 676 deprehendi
766 593 838 656 satis
864 607 1002 673 apparet

28 685 129 763 statim
155 686 188 760 in
213 685 321 755 limine
345 708 419 751 cum
440 688 581 755 Cerbero
601 689 778 770 Tisiphone
805 688 925 751 animas
941 708 1003 749 ⁴ex-

28 794 151 860 spectat,
171 800 252 861 quae
272 783 356 863 apud
369 782 545 863 Vergilium
566 785 605 862 (v.
622 785 687 861 555)
708 799 858 846 nocentes
873 782 1003 863 quidem

32 874 170 951 custodit,
184 874 398 952 *seddiverso
422 877 511 953 loco;
540 879 645 940 statim
668 877 854 943 nocentium
877 879 1003 940 turbam

33 970 290 1050 culexpererran
320 992 348 1032 v.
362 972 419 1033 258
444 972 478 1034 in
503 973 625 1038 diversa
649 974 720 1035 loca
744 972 885 1035 aufertur
910 987 940 1034 et
964 972 1004 1033 ad

10 1120 12 1149 ἱ
34 1061 169 1145 Elysiam
185 1065 314 1146 quidem
333 1066 453 1136 undam
471 1068 567 1148 (apud
581 1068 758 1148 Vergilium
772 1067 928 1129 Eridanus
944 1076 1005 1147 per

37 1157 140 1220 silvam
153 1158 295 1236 ¹volvam·
315 1161 479 1232 beatorum
493 1182 522 1222 v.
537 1162 604 1242 659,
626 1163 665 1225 cf.
684 1162 864 1227 Knaackius
885 1177 1004 1242 quaest.

39 1250 169 1316 Phaeth.·
183 1256 226 1333 ιι)
245 1254 393 1328 defertur,
420 1275 516 1336 quam
540 1256 614 1319 hinc
634 1256 874 1324 eliminaverunt
900 1275 1004 1336 neque

40 1358 131 1409 tamen
158 1348 327 1430 quicquam
351 1349 463 1418 lucrati
486 1366 559 1412 sunt
579 1351 753 1417 Eridanum
772 1351 1005 1413 substituentes.

40 1441 83 1502 sed
106 1462 173 1504 uno
200 1463 254 1517 ore
277 1445 364 1507 aiunt
383 1444 463 1507 hic
454 1461 569 1508 intrare
590 1446 725 1509 culicem
745 1464 874 1526 campos
894 1446 1007 1525 lugen-

40 1534 157 1616 tium‚v
159 1541 240 1618 ,595
257 1539 311 1601 ubi
330 1538 402 1602 sede
415 1538 545 1619 prorum
564 1540 680 1620 legitur
692 1539 866 1621 Elysium'
857 1539 1005 1648 incipere

40 1631 118 1711 quid,
144 1634 352 1711 malum‚'1sti
377 1635 449 1696 loco
477 1653 550 1696 cum
577 1636 759 1717 lugentibus
784 1634 902 1715 campis
926 1655 1006 1716 quos

40 1726 124 1801 novit
139 1725 313 1808 Vergilius?
345 1730 461 1810 quippe
492 1748 570 1809 quas
599 1729 663 1791 illic
687 1728 824 1796 vidimus
848 1729 1005 1806 mulieres,

38 1836 137 1896 earum
162 1841 322 1898 pennam
348 1823 480 1904 quidem
501 1825 592 1887 culex
612 1824 710 1899 videt,
737 1823 837 1884 immo
863 1821 1006 1884 heroidas

10 1932 12 1939 ·
38 1914 168 1989 melioris
188 1932 290 1993 notae,
314 1919 453 1981 Alcestin
477 1920 661 1999 Penelopen
680 1918 861 1998 Eurydicen
881 1932 912 1979 et
932 1936 1006 1979 cum

36 2006 162 2090 Orpheo
186 2011 324 2092 quidem,
348 2015 403 2094 qui
429 2013 523 2085 etiam
548 2013 689 2094 Vergilio
712 2014 824 2075 ,beatus
847 2026 907 2088 est;
932 2030 1006 2073 nam

34 2101 160 2166 feminas
181 2108 285 2169 beatas
305 2108 429 2170 omittit.
462 2124 612 2172 secuntur
632 2109 744 2175 heroes
764 2106 837 2167 inde
858 2127 877 2168 a
895 2127 929 2167 v..
938 2109 1006 2186 295,

31 2199 132 2276 graeci
144 2200 293 2281 primum,
307 2203 419 2270 deinde
435 2204 567 2267 romani.
588 2203 716 2269 tandem
730 2201 763 2263 in
773 2201 905 2264 Tartara
915 2201 1007 2264 culici
1070 2221 1084 2248 ²

31 2292 228 2368 redeundum
238 2312 283 2359 est
294 2298 380 2377 (372).
402 2299 479 2380 quid
490 2319 566 2379 ergo
578 2302 640 2361 est?
661 2296 925 2378 simplicissimam
936 2295 1009 2359 facit

30 2400 57 2447 et
76 2388 241 2469 vulgarem
261 2392 436 2457 inferorum
456 2393 702 2474 descriptionem
722 2391 822 2470 culex,
835 2392 1008 2453 ⁴damnato-

29 2500 99 2544 rum
112 2484 184 2547 loca
198 2487 282 2549 videt
295 2489 334 2568 (v.
349 2490 513 2567 231—257)
529 2504 559 2550 et
573 2486 938 2564 beatorum,(258-371)‚
952 2485 1008 2547 sed

28 2597 67 2640 ne
88 2580 149 2642 hos
169 2581 299 2661 quidem
319 2598 354 2645 ut
361 2583 565 2652 beatissimos
580 2597 721 2645 recenset
734 2596 864 2662 propter
876 2578 1007 2640 nimiam

28 2673 126 2754 ipsius
151 2674 320 2754 tristitiam;
344 2677 416 2746 vide
441 2690 538 2759 quam
562 2677 675 2739 misere
696 2690 844 2757 queratur
861 2673 1007 2753 Elysium

29 2767 235 2877 ingressurus
268 2774 375 2840 beatos
395 2784 501 2839 autem
514 2794 533 2835 a
546 2771 740 2838 nocentibus
748 2771 874 2833 flumen
881 2764 1008 2842 dirimit,

30 2865 118 2937 cuius
140 2884 269 2932 nomen
299 2887 365 2930 non
394 2868 504 2931 adfert.
548 2883 643 2948 atque
674 2857 984 2946 quemadmodum
976 2879 1009 2923 m

29 2975 93 3022 tota
118 2979 227 3022 rerunt
252 2961 458 3043 dispositione
484 2973 581 3043 quam
606 2960 742 3022 maxime
759 2968 790 3017 'a
808 2953 952 3034 ¹Vergilio
979 2968 1009 3014 et

32 3054 68 3119 de
88 3055 416 3136 industriadiscrepat
435 3055 479 3118 sic
499 3056 532 3118 in
553 3071 754 3117 mortuorum
773 3047 1008 3114 enumeratione

33 3165 138 3230 aperto
158 3150 264 3213 studio
279 3151 409 3214 nomina
424 3149 546 3258 quaerit
562 3169 579 3209 a
593 3147 733 3228 Vergilio
748 3144 873 3221 omissa,
893 3141 1010 3204 omittit

10 3245 69 3307 ¹ab
89 3265 129 3308 eo
151 3237 319 3324 usurpata;
338 3260 384 3323 ut
407 3245 466 3306 nisi
477 3244 616 3324 singula
640 3239 811 3322 quaedam
819 3237 1009 3302 imitatorem

38 3340 210 3418 proderent,
234 3339 370 3401 dubitari
390 3352 495 3474 posset
519 3357 596 3401 num
617 3335 711 3401 huius
733 3332 878 3400 carminis
899 3345 1010 3397 auctor

40 3431 269 3516 Vergilianum
260 3433 432 3496 novisset
1005 3453 1007 3458 ·

107 3528 255 3606 Quod
230 3550 271 3599 ιι
277 3529 405 3610 Orphea
430 3543 461 3591 et
483 3526 663 3610 Eurydicen
687 3522 759 3589 satis
784 3453 944 3588 allocutus
964 3483 1087 3586 sictona

1057 3652 1128 3776 „l
