2528 4202
434 273 479 320 AD
494 275 521 320 V.
536 275 592 328 246..
601 277 639 330 248
986 269 1024 358 7'9

41 457 145 539 adfieit
163 455 219 518 ille
238 454 369 536 qeeedem,
395 455 454 518 sed
474 475 528 518 nec
550 455 713 518 sollemnia
738 453 837 517 verba
856 473 911 518 nec
930 454 1025 518 laetas

40 553 143 618 mltns
168 569 225 613 nec
240 549 329 629 felix
352 550 457 614 attulit
478 571 567 614 amen
592 553 729 629 (metam.
755 569 797 626 to,
817 553 857 630 4).
882 585 919 596 —
943 549 1028 614 dedit

40 646 189 712 emuna:
217 644 255 706 cf.
277 645 352 708 Stat.
372 645 439 708 silv,
461 646 488 724 3,
507 665 537 725 4,
560 647 597 725 54
616 645 742 726 ipsaque
762 643 896 718 (Venus)
917 642 1025 706 taedas

39 744 195 808 iunxerat
212 750 243 804 et
253 739 350 820 plena
369 739 502 802 dederat
518 740 648 804 conubia
667 739 792 802 dextra,

119 835 159 898 V.
174 835 233 914 248
251 843 343 915 atque
358 833 443 897 alias
455 834 519 898 alie
532 834 645 897 densas
657 843 752 914 snper
764 831 891 914 agmine
903 840 1104 901 armassem.

39 929 197 1011 impietate
220 929 303 1008 sera
331 928 493 992 vecordem
520 927 669 994 Colchida
699 936 835 989 ntatrem
867 927 952 1005 (nam
976 947 1025 989 ve-

38 1023 168 1089 cordem
189 1021 256 1083 Itali
277 1024 494 1099 emendarunt)
525 1023 636 1087 mutila
665 1021 818 1085 sententia
843 1035 897 1100 est,
928 1041 1025 1103 quam

12 1072 14 1204 l
38 1135 72 1182 ut
94 1116 248 1179 sarcirent
268 1117 407 1180 Bembus
428 1117 539 1182 densat
560 1117 733 1198 scripserat,
759 1135 823 1197 quo
849 1135 923 1178 cum
949 1137 1025 1179 con-

37 1213 118 1276 tenti
140 1211 285 1293 plerique
306 1227 408 1274 essent
429 1213 516 1294 (quid
536 1213 595 1276 sibi
616 1211 690 1274 velit
706 1209 859 1291 aSilligio
875 1213 1024 1293 quaeras),

38 1305 203 1387 Hauptius
228 1325 286 1386 pro
311 1307 531 1389 superposuit
553 1316 674 1387 supero,
699 1304 816 1368 Bittius
840 1306 929 1386 quod
951 1325 1025 1368 sane

39 1402 159 1464 melius
180 1415 225 1462 est
246 1402 330 1478 (nam
350 1401 429 1462 illud
449 1402 500 1463 vel
520 1401 683 1465 metricam
704 1400 860 1462 rationem
880 1420 1025 1482 respuere

37 1499 129 1560 idem
159 1495 276 1573 docuit)
306 1515 427 1576 sequar.
484 1497 539 1558 sed
570 1512 718 1559 neutrum
751 1495 879 1558 tolerari
915 1510 1025 1576 potest.

37 1591 136 1654 video
163 1590 241 1670 quid
265 1588 304 1650 sit
327 1590 411 1654 aleas
434 1611 547 1672 sequor
571 1600 702 1663 termas,
733 1590 788 1652 sed
809 1591 920 1656 ,nescio
945 1610 1025 1671 quae

6 1699 7 1758 t
36 1687 102 1748 sint
123 1682 211 1746 ale'ete
229 1692 354 1746 mennae
372 1683 436 1748 ale'ee
460 1685 588 1766 agmine
612 1684 738 1760 deeesae3
769 1685 872 1766 potuit
896 1684 1024 1747 fortasse

36 1780 127 1844 aleas
147 1788 271 1842 turmas
290 1779 417 1861 agmine
436 1779 557 1852 demas,
578 1781 634 1842 sed
654 1779 718 1842 alta
741 1779 869 1859 agmine
889 1798 939 1840 eas
960 1793 1025 1839 tur-

3 1881 6 1964 j
38 1896 110 1936 mas
134 1873 246 1934 densas
267 1892 342 1950 esse,
362 1873 395 1935 id
415 1893 509 1936 sensu
524 1889 615 1936 caret.
655 1873 866 1954 intellegimus
886 1887 973 1979 ρυῃῑο
985 1891 1024 1933 eo

2 1971 111 2072 ipso
128 1968 287 2030 vocabulo
307 1965 395 2049 quod
415 1983 461 2029 est
479 1977 574 2048 snper
594 1968 691 2030 careri
706 1988 771 2030 non
785 1987 890 2049 posse:
910 1967 937 2027 si
949 1966 1025 2027 sim-

2 2043 3 2104 l
37 2063 168 2143 pliciter
188 2061 278 2142 loqui
297 2076 392 2143 poeta
411 2062 570 2137 voluisset,
591 2063 718 2124 dixisset
736 2063 774 2125 al
771 2063 821 2127 ias
838 2072 933 2144 snper
952 2081 973 2123 a
974 2060 1026 2125 liis

37 2169 170 2221 mennas
194 2156 244 2218 vel
268 2155 368 2218 aleam
391 2166 531 2220 trermam
553 2167 647 2239 snper
667 2156 743 2231 alea,
774 2157 1026 2240 praetuliteas
943 2155 1026 2218 aleas

37 2263 169 2315 turmas
187 2261 282 2332 snper
302 2251 339 2313 al
336 2251 365 2313 ia
385 2252 511 2332 agmine
530 2253 581 2314 vel
601 2253 706 2333 potius
726 2254 810 2317 ale'ets
829 2253 942 2317 densas
961 2259 1025 2313 tur·

36 2367 114 2408 mas
144 2355 240 2426 snper
269 2345 332 2408 alio
362 2346 502 2427 agninae,
532 2347 663 2410 moleste
690 2369 764 2410 sane
795 2365 825 2412 et
855 2363 889 2410 ut
918 2348 1026 2409 locum

38 2439 182 2503 eandem
215 2439 350 2520 figuram
387 2440 442 2520 qui
476 2442 622 2521 praebeat
655 2443 765 2504 afferre
798 2463 864 2506 non
897 2440 1025 2524 possim.

38 2537 137 2616 plane
159 2535 303 2616 loquitur
322 2535 487 2597 Lucretius
507 2535 535 2612 6,
561 2536 613 2596 186
633 2536 766 2600 nubibus
784 2538 940 2600 extractis-
953 2534 1027 2598 aliis

37 2628 128 2692 aleas
146 2639 242 2710 snper
261 2629 325 2692 sive
339 2629 497 2710 Vergilius
510 2632 590 2692 Aen.
609 2651 650 2710 ro,
666 2632 718 2693 881
744 2631 816 2696 inde
832 2631 925 2695 alind
932 2639 1027 2710 snper

37 2733 136 2803 atque
156 2723 393 2806 alendfigitpae
411 2724 562 2804 volatque,
581 2727 637 2786 sed
657 2741 693 2788 ut
712 2726 788 2788 inde
806 2745 935 2808 quoque
950 2724 1027 2786 disci

38 2818 152 2897 possit,
178 2819 307 2880 illorum
332 2818 416 2881 alias
439 2817 503 2882 alea
522 2829 616 2900 snper
635 2820 716 2883 nihil
736 2822 816 2884 abici
836 2837 890 2884 aut
909 2821 1027 2881 immu-

38 2913 101 2974 tari
127 2933 228 2994 posse.
268 2929 362 2994 atque
387 2913 518 2975 omnino
541 2915 596 2976 tali
620 2916 776 2978 medicina
807 2935 870 2978 non
900 2929 946 2975 est
975 2913 1027 2974 hic

37 3026 153 3069 versus
177 3007 333 3069 sanabilis.
384 3008 472 3087 quod
502 3024 537 3070 ut
563 3010 787 3087 demonstrem,
818 3009 905 3071 verbi
933 3027 1026 3070 causa

39 3104 271 3166 substituamus
293 3102 321 3164 ei
340 3103 507 3180 vocabu10,
535 3123 600 3183 quo
627 3104 774 3166 facillime
800 3102 896 3165 careri
917 3101 1025 3181 possit,

40 3199 178 3260 verbum
199 3198 239 3258 ad
259 3197 456 3259 enuntiatum
477 3197 723 3260 conficiendum:
749 3207 839 3278 atqne
858 3197 942 3259 ale'as
961 3196 1026 3258 alea

40 3308 136 3356 cerna
155 3301 252 3372 snper
270 3285 396 3374 agmine
415 3302 547 3364 turmas,
572 3291 725 3372 impietate
741 3293 823 3372 fera
842 3289 1026 3353 vaecordem

45 3383 200 3451 Colchida
223 3398 358 3452 matrem
382 3387 483 3450 anxe'a
507 3385 644 3450 sollicitis
670 3386 868 3449 meditantem
892 3384 1026 3448 eminere

41 3481 140 3558 natis,·
172 3483 238 3545 iam
269 3482 466 3555 Pandionias
490 3500 515 3542 e.
535 3501 564 3561 q.
584 3502 623 3542 s.:
654 3501 730 3543 num
761 3482 828 3544 fieri
859 3495 961 3564 potest
992 3497 1026 3544 ut

43 3571 159 3652 Medea
179 3591 356 3639 turmarum
378 3576 550 3658 agminisve
565 3579 747 3658 exemplum
762 3594 906 3659 ponatur,
927 3581 1025 3641 verbo
