2528 4202
240 347 280 408 70
600 324 859 373 counanranrvs

145 521 147 526 '
241 531 313 574 cum
338 509 463 590 capellis
489 508 622 570 domum
648 509 749 571 redire
774 507 869 569 refert
890 521 920 569 et
944 507 984 567 ad
1010 505 1222 568 dormientem

187 625 227 670 τοο
241 605 387 668 devenire
422 603 529 666 culicis
566 603 746 682 imaginem.
800 602 839 664 de
872 621 900 662 v.
936 603 992 663 205
1025 601 1149 663 dictum
1184 601 1222 662 ad

188 721 268 768 cmv.
290 691 342 779 92'3
363 700 402 761 de
422 720 450 759 v.
470 699 527 760 206
548 698 586 759 cf.
608 698 647 760 ad
667 718 696 760 v.
719 699 773 760 158
791 717 836 777 sq.
876 715 1008 758 somnus
1027 715 1085 776 per
1105 714 1221 776 corpus
1255 731 1256 754 r

239 796 370 857 diffusus
383 797 532 876 soporem
545 813 602 874 per
616 794 757 854 membra
771 791 917 867 effundi13
939 789 1105 852 Lucretius
1118 809 1149 868 4,
1165 807 1222 869 907

238 909 363 954 somnus
390 898 451 968 per
480 887 623 951 membra
652 888 783 969 qumtem
813 885 936 966 irrigat
963 887 1052 963 (Aen.
1081 886 1129 962 3,·
1147 886 1223 963 511),
1255 899 1256 938 l

239 985 421 1066 Lygdamus
449 1003 484 1062 4,
519 984 553 1045 81
591 982 727 1063 t‘grnams
759 981 893 1062 defluxit
923 989 1052 1062 corpore
1083 997 1220 1042 somnus.

233 1079 432 1141 constructio
462 1077 551 1139 verbi
576 1075 661 1158 quali
686 1075 834 1137 Manilius
861 1076 959 1138 utitur
985 1076 1017 1154 3,
1043 1094 1059 1135 2
1086 1091 1143 1136 mc
1161 1084 1222 1154 per

240 1174 411 1236 inaccessos
445 1179 626 1234 metuentem
658 1170 809 1233 invadere
840 1170 948 1233 saltus.
1009 1168 1117 1231 nescio
1153 1169 1221 1250 quis
1255 1193 1256 1228 r

239 1283 310 1329 ante
336 1267 426 1328 illum
456 1281 521 1328 tam
539 1279 693 1328 'accurate
723 1265 908 1345 expresserit
927 1264 1099 1327 Homerica
1129 1265 1221 1328 21162

239 1356 309 1427 εὖτε
335 1361 395 1427 τὸν
421 1364 525 1436 ὕπνος
551 1360 706 1447 ἔμαρπτε,
739 1359 826 1424 λύων
858 1361 1063 1447 μελεδήματα
1096 1359 1219 1442 θυμοῦ,
1255 1365 1256 1454 J

238 1456 381 1541 νήδυμος
406 1457 626 1541 ἀμφιχυθείς·
638 1455 725 1536 μάλα
751 1454 811 1541 γὰρ
840 1456 919 1538 κάμε
951 1455 1096 1541 φαίδιμα
1124 1465 1219 1534 γυῖα·
1255 1457 1256 1488 r

237 1542 321 1636 ἦλθε
352 1550 441 1614 orat
469 1551 559 1637 ψυχὴ
588 1548 795 1636 Πατροκλῆος
823 1549 958 1626 δειλοῖο,
990 1569 1071 1629 quae
1099 1564 1131 1610 et
1155 1549 1221 1629 ipsa

185 1662 225 1708 too
239 1644 381 1707 convicia
405 1644 477 1707 facit
501 1643 679 1706 dormienti.
728 1665 756 1704 v.
771 1645 828 1706 208
853 1665 933 1725 quae
962 1643 1029 1705 sine
1060 1663 1155 1704 causa
1185 1643 1218 1704 fit

237 1739 366 1802 variatio
394 1739 593 1820 pronominis
618 1739 836 1819 quaestionem
861 1755 987 1801 moveat
1009 1741 1048 1799 an
1070 1737 1126 1800 illo
1146 1737 1220 1799 scri-

239 1835 380 1897 bendum
405 1834 457 1912 sit;
486 1834 542 1896 sed
567 1834 656 1914 quod
683 1834 716 1896 in
742 1835 872 1896 cultiore
901 1852 1048 1896 sermone
1081 1833 1220 1895 offendat

238 1930 310 1992 satis
340 1943 458 1991 tutatur
483 1929 585 1991 Plauti
615 1929 811 2008 exemplum,
842 1928 897 2009 qui
926 1927 1000 1990 talia
1027 1927 1219 2009 frequentat:

239 2025 267 2086 is
292 2045 341 2086 me
367 2023 458 2096 adiit,
489 2043 565 2084 nam
590 2021 680 2084 illum
700 2023 831 2103 prodire
855 2022 954 2102 pudet
977 2023 1010 2085 in
1029 2033 1219 2104 compertum

186 2133 226 2179 toa
239 2128 322 2180 tuom
345 2118 448 2196 (Most.
474 2119 565 2194 1155).
605 2137 633 2177 v.
653 2136 711 2196 209
736 2133 806 2179 utut
830 2119 925 2179 verba
950 2118 1128 2194 collocavit,
1159 2120 1218 2180 hoc

238 2212 339 2274 voluit
358 2227 464 2292 poeta:
490 2213 529 2272 ab
551 2226 665 2272 eventu
691 2210 783 2272 tristis
804 2213 913 2274 mortis
935 2213 1076 2275 convicia
1098 2213 1218 2276 cecinit.

187 2327 226 2371 210
318 2307 353 2367 In
367 2306 506 2386 ipsarum
521 2304 627 2366 culicis
642 2306 852 2386 querellarum
866 2306 956 2368 initio
970 2327 1063 2369 v.2to
1074 2307 1218 2389 Heynius

241 2399 493 2462 emendationem
513 2399 643 2480 perfecit
660 2401 699 2460 ab
715 2400 797 2461 Italis
811 2416 841 2464 et
854 2401 1013 2482 Scaligero
1027 2402 1217 2463 incohatam.

190 2513 230 2558 212
243 2513 299 2574 per
318 2493 422 2556 inania
442 2493 561 2574 rapitur
573 2515 601 2555 v.
619 2514 675 2555 212
690 2495 738 2573 (cf.
753 2498 832 2556 Aen.
851 2515 894 2573 ra,
908 2497 965 2576 906
980 2512 1010 2558 et
1022 2497 1050 2574 6,
1065 2497 1133 2577 269.
1149 2515 1218 2576 7403

240 2589 314 2651 Stat.
341 2589 443 2650 Theb.
470 2609 492 2667 t,
520 2590 577 2650 διο
599 2588 746 2651 sublimes
771 2591 887 2670 raptim
905 2599 967 2670 per
986 2591 1080 2653 inane
1098 2591 1220 2653 volatus

238 2683 359 2765 carpit),
380 2699 409 2745 et
429 2684 527 2746 ventes
547 2683 676 2764 quidem
696 2684 824 2764 rapitur,
845 2686 884 2747 de
905 2705 970 2766 quo
990 2687 1150 2747 vocabulo
1166 2686 1216 2746 du·

240 2777 371 2841 bitatum
398 2794 452 2856 est,
482 2793 517 2840 ut
540 2778 607 2839 sine
632 2777 785 2840 adiectivo
813 2779 969 2860 Vergilius
994 2784 1074 2842 Aen.
1100 2801 1138 2860 4,
1165 2781 1214 2843 381

239 2870 337 2932 ventis
359 2881 429 2952 pete
458 2891 575 2953 regna,
602 2873 749 2934 Manilius
776 2876 808 2945 5,
833 2894 871 2954 4²
895 2875 1052 2956 ventisque
1075 2886 1220 2956 sequetur

240 2962 417 3027 Fortunam
439 2968 477 3029 cf.
500 2969 545 3040 56,
566 2967 680 3029 Cicero
705 2968 744 3028 ad
769 2968 841 3030 fam.
866 2971 977 3043 12,25‚
999 2970 1016 3030 3
1037 2978 1132 3050 atque
1151 2970 1220 3033 inde

238 3061 336 3123 ventas
364 3061 462 3123 remis
490 3061 523 3123 in
545 3060 690 3141 patrz'am
719 3063 807 3125 omm'
822 3063 1026 3143 festinattone
1043 3063 1222 3144 properavi

240 3156 288 3232 (cf.
312 3156 446 3237 Philipp.
471 3177 494 3233 t,
513 3157 557 3235 9),
588 3157 710 3218 Ennius
732 3178 801 3220 cum
816 3157 933 3238 procul
948 3157 1103 3238 aspiciunt
1120 3160 1219 3222 hostes

239 3248 383 3312 accedere
412 3250 510 3312 ventis
538 3250 670 3312 navibus
699 3251 845 3315 veltoolir.
878 3289 914 3298 -
945 3253 1083 3334 permire
1109 3254 1220 3318 accidit
1255 3199 1256 3292 λ

187 3358 226 3405 215
241 3358 275 3403 ut
300 3363 327 3404 v.
350 3347 404 3404 215
432 3347 522 3407 culex
552 3345 634 3407 dicat
663 3346 786 3408 viscera
810 3367 865 3408 sua
889 3347 1065 3411 inferorum
1091 3367 1219 3412 amnem

240 3437 407 3498 transferri.
442 3439 474 3499 in
495 3459 559 3519 quo
581 3440 676 3501 ullius
697 3441 832 3503 auctoris
853 3441 891 3502 de
913 3441 1016 3504 anima
1031 3444 1219 3505 sententiam

206 3606 209 3616 y
240 3549 314 3591 eum
327 3548 471 3594 secutum
485 3554 550 3596 esse
564 3555 631 3597 non
646 3536 868 3616 comperimus.
897 3536 1015 3599 viscera
1030 3557 1103 3598 cum
1115 3539 1220 3600 anima

241 3626 404 3707 coniungit
424 3627 539 3689 Statius
563 3628 630 3691 silv.
654 3633 680 3708 5,
705 3651 728 3708 r,
748 3649 787 3710 47
809 3630 879 3704 (illa
898 3637 939 3706 te)
960 3632 1133 3696 visceribus
1151 3634 1220 3696 totis
