2370 4072
120 860 211 970 Copa
231 889 366 967 Surisca,
387 905 479 971 caput
499 909 609 970 graeca
630 889 775 952 redimita
795 892 920 970 mitella,

144 984 276 1065 crispum
297 986 356 1045 sub
377 985 496 1046 crotalo
518 985 610 1046 docta
631 1005 758 1047 movere
780 986 869 1064 latus,

110 1079 185 1140 ebria
206 1079 326 1141 famosa
345 1080 433 1141 saltat
454 1080 567 1141 lasciva
588 1081 725 1156 taberna,

140 1174 177 1234 ad
198 1175 340 1236 cubitum
361 1195 473 1237 raucos
494 1175 653 1237 excutiens
674 1176 818 1237 calamos.

106 1269 175 1348 quid
196 1269 281 1331 iuvat
301 1270 418 1332 aestivo
439 1270 596 1332 defessum
618 1271 745 1351 pulvere
766 1273 873 1335 abesse
1051 1289 1064 1329 .·›

139 1385 233 1446 quam
254 1363 359 1445 potius
380 1365 490 1427 bibulo
512 1365 698 1427 decubuisse
719 1372 807 1428 toro?

103 1474 171 1521 sunt
191 1458 278 1540 topia
299 1474 329 1520 et
350 1459 490 1541 ltalybae‚
511 1461 624 1541 cyathi,
645 1480 724 1537 rosa,
745 1461 829 1538 tibia,
850 1462 996 1540 chordae,

139 1570 168 1616 et
188 1553 287 1617 triclia
308 1555 465 1617 umbrosis
486 1555 599 1636 frigida
619 1555 857 1618 harundinibus.

101 1669 139 1710 en
159 1665 198 1728 et,
220 1648 377 1712 Maenalio
398 1670 478 1732 quae
498 1651 594 1731 garrit
615 1651 706 1712 dulce
727 1652 786 1711 sub
807 1666 907 1726 antro,

136 1744 249 1806 rustica
270 1743 401 1826 pastoris
422 1744 526 1806 fistula
546 1765 634 1807 more
654 1760 753 1808 sonat.

96 1857 142 1903 est
163 1855 192 1902 et
212 1860 323 1922 vappa,
344 1840 423 1901 cado
445 1859 546 1920 nuper
567 1840 675 1901 defusa
696 1840 808 1921 picato,

134 1951 180 1998 est
199 1933 364 2016 strepitans
385 1954 481 1997 rauco
503 1955 665 1997 murmure
686 1935 771 1996 rivus
792 1955 905 2017 aquae,

107 2104 209 2143 Bembtso
219 2112 266 2143 esne
275 2101 319 2142 sels
329 2099 364 2152 (B)
384 2103 489 2142 eredunt
499 2103 635 2143 Monesenses
646 2101 693 2152 (M).
716 2103 839 2152 inscriptum
848 2099 915 2158 Copa
925 2100 1036 2145 Eiusdem

84 2171 188 2215 Maronis
202 2167 287 2226 Incipit
301 2171 331 2223 B;
360 2171 469 2213 claretur
479 2181 503 2221 p.
516 2173 543 2212 33
558 2171 593 2210 Ka
607 2169 712 2226 quamvis
730 2168 845 2226 Vergilius
863 2169 948 2213 librum
968 2182 1036 2213 suum

81 2240 172 2298 Cupam
191 2236 343 2294 inscripserit.
378 2249 463 2280 carmen
481 2240 581 2290 seriptum
599 2241 682 2279 videtur
696 2244 747 2289 post
764 2241 896 2290 Propertium
914 2243 954 2280 sub
974 2241 1037 2279 r'sr'tr'a

82 2311 148 2362 Osioi,
170 2313 196 2362 es.
217 2310 355 2351 Buechelerus
372 2319 425 2349 mus.
447 2309 511 2350 Ram
530 2310 563 2358 45,
580 2310 625 2349 323.
661 2310 743 2348 doctum
764 2309 932 2350 coniurentarr'uns
951 2309 1038 2358 serpsit

80 2381 164 2430 Ilpenus
179 2391 199 2419 a.
213 2381 266 2420 1823

107 2460 115 2491 1
131 2445 230 2491 suirisca
244 2448 268 2495 B,
288 2442 375 2487 furiscs
389 2446 421 2494 11,-
439 2458 514 2486 nostres
524 2448 637 2497 proprium
650 2458 694 2487 esse
707 2448 789 2486 sedeur
801 2458 843 2486 sos
856 2448 933 2496 peruls
945 2444 1036 2496 (Eunus

56 2516 163 2573 Syriscus
188 2517 267 2557 Amos
287 2515 500 2567 eptyr.79‚1s0s.,·
520 2512 617 2569 Frigisci
636 2513 689 2571 equi
713 2516 781 2564 Veneti
802 2520 860 2555 aeter.
874 2517 894 2564 1,
906 2518 952 2563 33
972 2516 1036 2555 ineer-

55 2586 145 2638 ts'ssr'rm'),
172 2592 198 2628 ut
221 2585 304 2625 norisius
328 2584 411 2624 nevolt
435 2595 511 2634 copam
536 2586 636 2625 tabernae
661 2582 765 2626 famosae
786 2583 797 2632 (
809 2612 814 2622 .
827 2583 849 2633 3)
905 2583 997 2626 metalla
1017 2584 1036 2622 B

55 2653 168 2698 scrotala
182 2655 207 2692 11
269 2663 282 2708 3
301 2650 394 2695 fumosa
408 2654 433 2691 11
494 2664 508 2704 4
526 2654 620 2704 satellem
639 2653 668 2697 sd
688 2664 774 2695 raucos
792 2651 896 2694 calamos
916 2651 952 2702 (rs.
966 2664 985 2692 ν.
999 2653 1034 2703 13)

54 2721 158 2765 cubitum
177 2720 305 2773 excutiens,
336 2734 355 2762 o.
369 2725 399 2763 od
415 2724 459 2764 Cel.
473 2724 499 2763 33
551 2721 663 2774 §abesse
681 2724 770 2774 patrna
784 2724 879 2763 adtoro
929 2719 1035 2776 (lpotius

51 2793 157 2840 positione
175 2793 259 2831 lerose
282 2783 336 2832 ἀπὸ
358 2785 449 2834 κοινοῦ
463 2791 555 2842 positum
569 2793 622 2832 inter
635 2791 716 2834 abesse
734 2796 755 2831 et
771 2788 911 2832 decubuisse
954 2788 1034 2831 bibulo

53 2863 87 2910 qus·
100 2861 149 2901 rr'no
164 2862 276 2912 eonsperps'
287 2863 361 2904 soleae.
395 2862 454 2901 Osiri.
464 2866 504 2900 ort
518 2863 536 2909 1,
554 2863 593 2903 233
611 2859 664 2903 vina
681 2859 770 2902 bibulas
789 2869 894 2913 sparsere
910 2857 1034 2914 Cupidinis

52 2929 99 2972 alas
165 2926 544 2984 7topiaes.sir.11adrtom'10‚4
597 2928 685 2972 ltalibes
699 2932 724 2979 B,
743 2927 852 2982 chalybes
866 2930 899 2976 M;
920 2929 945 2978 es.
960 2930 1036 2969 Atles.

52 2999 89 3039 517
100 2999 117 3049 j
166 2995 179 3041 8
193 2996 275 3052 trlclya
285 3000 312 3048 Μ,
326 2996 415 3041 triaclia
426 2999 450 3047 B,
464 3001 490 3050 rs.
507 3000 525 3039 3.
536 2999 551 3038 Ι.
562 2999 626 3047 311,
639 2996 786 3048 restinctus,
799 2998 867 3038 13333
882 3000 908 3038 13
921 2995 944 3039 in
958 2995 1034 3040 triclia

52 3064 197 3121 sarcophaga
211 3061 233 3110 ἤ.
249 3063 290 3117 lll;
305 3066 351 3105 atta
364 3067 387 3105 in
402 3068 472 3108 leer'els
512 3066 634 3110 umbrisB
670 3070 696 3119 es.
710 3069 761 3108 Aen.
774 3069 794 3116 3,
805 3068 831 3108 31
883 3077 938 3121 9en
953 3067 1034 3118 Μαι.

52 3138 99 3176 Oai.
113 3138 165 3176 1313
179 3133 258 3177 matris
273 3146 301 3177 en
317 3133 396 3177 matris
410 3147 491 3189 sonus,
511 3139 572 3188 Prop.
586 3140 606 3188 2,
619 3140 652 3187 13,
665 3139 691 3177 13
704 3133 793 3178 vidistis
807 3140 858 3177 toto
872 3133 964 3177 sonitus
977 3147 1032 3190 per-

49 3215 143 3247 currere
165 3202 237 3255 caelo,
258 3205 305 3246 alio
325 3205 372 3244 ses.
393 3208 473 3254 trop!
491 3217 513 3256 p.
527 3208 572 3256 111,
598 3211 619 3246 et
643 3207 703 3256 opud
727 3216 815 3254 praeces
832 3210 909 3254 poetas
931 3207 1032 3255 frequens

47 3265 196 3333 μετάληψις
208 3264 354 3328 αἰσθήσεως
366 3273 680 3325 (scsot.rrur.110c.rrts.),ut
694 3264 794 3315 κτύπον
806 3264 932 3332 δέδορκα,
945 3264 1031 3332 (ὄψει)

47 3333 142 3404 κρότον
153 3333 254 3403 χειρῶν
266 3332 350 3384 πολύν
392 3345 563 3396 msticajtstulo,
578 3355 631 3396 quae
641 3343 749 3384 Maenalio
758 3345 797 3382 sub
808 3346 871 3382 antro
880 3343 942 3382 deles
954 3344 1031 3391 sarrit,

46 3412 80 3452 lie
90 3413 187 3462 posterla
202 3421 257 3452 neore
268 3416 334 3452 sorsat
346 3412 358 3451 ι’.
372 3425 389 3454 e.
405 3423 448 3452 nors
461 3412 586 3453 dulcissime.
613 3423 679 3463 neque
693 3411 731 3451 loe
746 3411 798 3461 lpse
812 3420 866 3459 eope
878 3420 942 3460 neque
959 3410 1031 3451 sinum

46 3490 143 3532 sappam
160 3481 243 3522 areola
270 3477 315 3524 nisi
330 3485 444 3523 mutatum
458 3478 532 3537 parcit
546 3479 676 3525 defundere
695 3477 776 3523 vinum
797 3479 871 3520 Horat.
884 3485 925 3520 sat.
939 3481 959 3529 2,
971 3482 991 3530 2,
1004 3483 1031 3522 33

48 3558 68 3590 11
86 3554 122 3591 est
136 3560 174 3590 erit.
191 3550 214 3588 11

838 3632 875 3686 8*
