2528 4202
257 353 295 416 85
615 349 874 398 couneuraruvs

257 533 301 596 fas
321 532 417 614 igitur
437 531 547 597 mortis
566 551 633 595 non
647 547 712 594 erat
725 530 883 594 exorabile
903 551 936 594 m
955 530 1063 604 vitam,
1083 545 1120 592 ut
1139 526 1241 593 'vitam

257 628 453 705 concederet,
478 645 575 709 quem
605 624 844 708 praepositionis
874 644 969 687 usum
992 627 1067 706 ‘quo
1096 625 1135 686 de
1162 644 1243 688 con-

256 721 327 784 silio
349 722 510 785 eteffectu
531 721 662 784 actionis
688 719 810 799 dicitur,
834 719 903 801 ipso
930 718 975 781 rei
1000 739 1082 800 quae
1102 719 1246 782 efficitur

256 816 386 880 nomine
420 815 577 879 adiuncto'
608 815 748 878 tractavit
776 814 955 896 Madvigius
985 833 1093 896 opusc.
1123 816 1244 878 acad.²

261 913 312 974 135
333 932 393 993 sq.;
420 910 523 973 Taciti
550 913 703 993 exempla,
728 927 865 992 quorum
890 908 1047 992 quaedam
1071 909 1245 971 audaciam

257 1008 427 1069 ostendunt
453 1007 579 1087 qualem
603 1005 655 1068 ille
680 1004 741 1068 sibi
765 1004 899 1086 sumpsit
924 1005 1008 1082 (ann.
1033 1024 1057 1082 1,
1079 1005 1115 1083 57
1141 1023 1256 1085 neque*

255 1101 338 1164 victa
357 1101 390 1163 in
410 1099 562 1164 lacrimas
580 1121 676 1182 neqm
698 1119 770 1164 voce
789 1098 929 1182 supplex)
955 1097 1081 1180 collegit
1101 1097 1247 1178 Nipper-

257 1195 346 1258 deius
366 1195 406 1258 ad
426 1213 497 1257 ann.
512 1214 540 1274 2,
558 1195 605 1274 133
626 1193 713 1265 aliud
726 1193 873 1256 dictionis
886 1193 1078 1274 exemplum,
1098 1208 1135 1255 ut
1149 1195 1247 1271 solet,

225 1339 228 1344 .
255 1291 360 1352 statim
385 1290 478 1352 infert
501 1310 529 1350 v.
553 1289 605 1353 301
633 1288 733 1352 socrat
754 1287 867 1370 glorta
891 1287 987 1354 sortis
1008 1287 1041 1351 in
1066 1305 1247 1362 excessum,

255 1385 288 1448 in
310 1399 445 1447 mortem
465 1383 583 1447 scilicet
596 1399 631 1446 ut
644 1383 696 1447 hic
709 1383 742 1446 in
756 1384 861 1447 vitant
902 1402 968 1445 non
982 1398 1115 1463 possunt
1130 1399 1256 1445 autem

256 1479 412 1562 apertiora
432 1497 498 1540 esse
519 1479 558 1541 de
579 1478 712 1541 consilio
729 1478 889 1560 scriptoris
903 1477 1018 1540 indicia
1037 1495 1136 1559 quam
1151 1479 1256 1560 quod}

256 1576 290 1637 in
309 1575 365 1638 illo
385 1591 478 1637 versu
498 1571 609 1636 mortis
630 1587 660 1636 et
679 1572 760 1636 vitae
780 1573 935 1635 vocabula
954 1572 1040 1635 iuxta
1060 1571 1165 1653 posita
1190 1574 1256 1634 de-‘

255 1669 490 1752 prehendimus.
530 1669 608 1731 haec
628 1668 723 1750 igitur
743 1668 903 1730 mordicus
922 1667 1107 1730 tenebimus.
1144 1668 1251 1729 relin-

256 1765 363 1846 quitur
382 1783 444 1827 non
464 1763 563 1826 deirae.
604 1778 698 1845 atque
719 1765 853 1826 alterum
872 1781 934 1826 non
948 1762 980 1824 vi
993 1762 1256 1843 quodammodo}

255 1874 346 1923 aucta
372 1859 419 1922 uti
444 1858 538 1920 debet
562 1874 636 1939 prae
661 1857 781 1939 priore:
811 1876 872 1920 nort
888 1859 951 1938 fas
974 1856 1139 1921 exorabile
1159 1868 1256 1933 errat,r

256 1953 429 2016 nondinae
447 1947 611 2014 exorabile
629 1961 708 2027 erat,
729 1953 749 2015 i.
765 1974 791 2016 e.
813 1973 852 2015 ne
874 1953 963 2015 divae
984 1951 1115 2033 quidem
1138 1943 1256 2022 fatuml

256 2049 415 2111 exorabile
435 2060 514 2126 erat;
545 2046 600 2127 qui
624 2063 700 2108 usus
724 2047 758 2111 in
778 2049 968 2129 pronomine
990 2043 1158 2109 sollemnis
1183 2063 1236 2108 est
1244 2045 1256 2080 ¹

256 2162 351 2204 curae
370 2161 431 2204 non
450 2142 520 2222 ipsa
540 2141 573 2203 in
592 2151 691 2204 rnorte
710 2142 871 2207 relincunt.
922 2143 985 2205 hoc
1005 2141 1100 2222 igitur
1120 2143 1256 2224 'voluitt

256 2236 323 2317 lyra
346 2236 500 2318 persuasit
519 2236 724 2317 Proserpinae
745 2253 780 2300 ut
798 2239 978 2321 Eurydicen
1003 2236 1162 2315 redderet,
1189 2237 1253 2299 sed

257 2331 357 2393 iatum
377 2331 500 2411 puellae
520 2333 641 2394 solvere
662 2332 720 2394 dea
740 2351 805 2394 non
826 2332 941 2413 potuit:
962 2334 1021 2394 sub
1042 2331 1112 2411 lege
1133 2331 1256 2410 reddi—l

258 2424 311 2502 dit,
342 2443 405 2506 qua
434 2426 503 2507 lege
528 2426 642 2490 violata
673 2427 719 2488 fas
748 2425 857 2489 mortis
888 2426 1034 2489 constitit.
1081 2425 1146 2488 hoc
1176 2437 1256 2488 nonl

185 2568 188 2576 .
256 2519 329 2582 satis
357 2520 524 2584 concinere
549 2521 633 2583 dices
658 2537 732 2584 cunt
763 2541 801 2583 eo
828 2522 915 2603 quod
941 2521 1090 2602 Orpheus
1122 2520 1256 2598 deindo]

257 2613 392 2678 crudelis
418 2631 549 2678 vocatur
573 2618 615 2679 ob
641 2631 767 2698 ruptam
793 2617 905 2697 legem.
946 2616 1001 2678 sed
1029 2615 1068 2676 de
1089 2613 1135 2676 eis
1159 2609 1256 2702 quad

256 2708 438 2772 necessitate
464 2711 540 2773 fiant
565 2730 709 2792 quaeque
733 2712 766 2773 in
791 2726 898 2773 nostra
927 2725 1080 2793 potestate
1110 2709 1179 2772 sint
1210 2717 1256 2790 nd

257 2805 379 2868 Stoicos
401 2803 531 2886 quidem
551 2805 747 2868 acutissimos
768 2805 946 2868 dialecticos
961 2805 1116 2869 concinne
1130 2805 1256 2896 disput}

256 2914 335 2961 tasse
355 2919 448 2981 saepe
469 2899 651 2962 Academici
672 2901 980 2978 demonstraverunt3
1011 2919 1077 2980 quo
1103 2899 1256 2980 paratiod

256 2995 301 3056 illi
321 2994 413 3057 venia
433 2994 471 3056 sit
492 2995 580 3075 quod
594 2993 706 3058 dixerit
719 2996 819 3058 fatum
833 2995 1009 3076 Eurydicae
1030 2995 1137 3076 ipsum
1160 2997 1256 3074 solvi

256 3109 323 3152 non
343 3088 482 3171 potuisse
507 3090 665 3171 simulque
690 3109 761 3152 eam
786 3104 915 3171 propter
938 3089 1070 3152 nimiam
1091 3085 1256 3176 coniugis

256 3185 460 3266 cupiditatem
480 3185 520 3246 ad
541 3184 658 3246 inferos
673 3201 852 3247 revocatam
866 3205 941 3246 esse.
982 3184 1121 3265 denique
1143 3183 1256 3266 habet

256 3279 386 3360 quidem
406 3279 457 3341 ille
478 3298 586 3340 versus
606 3278 833 3361 synaloepham
851 3277 942 3341 dabas
955 3278 1120 3344 exorabile
1140 3299 1256 3364 quarn

256 3389 435 3437 constanter
454 3388 547 3453 poeta
568 3374 651 3453 vitat,
676 3373 732 3435 sed
756 3392 845 3434 more
871 3393 930 3435 suo
951 3371 1027 3436 vitat
1052 3389 1083 3436 et
1103 3393 1256 3452 consuet

255 3466 364 3528 tudine
390 3487 486 3547 quam
510 3466 577 3548 ipse
601 3467 660 3529 sibi
689 3467 851 3530 constituit
881 3486 1044 3549 quamque
1072 3467 1256 3550 demutare

255 3559 377 3638 licebat,
397 3580 463 3623 non
484 3581 522 3623 ex
541 3563 611 3642 lege
631 3562 760 3624 metrica
775 3579 871 3642 quam
885 3562 1021 3643 migrare
1035 3581 1102 3625 non
1116 3553 1256 3648 liceret}

257 3653 360 3732 qualia
385 3669 506 3717 mutare
525 3673 599 3718 non
624 3656 705 3735 licet,
734 3657 835 3718 immo
865 3657 1079 3737 intellegimus
1109 3649 1256 3739 poetam
