2536 4200
309 294 343 356 ,g
677 290 908 339 construamur

308 472 485 540 Cataractae
504 482 535 535 er
553 470 706 552 Priapeia
725 481 757 534 a
766 471 1014 553 Epigrammata
1032 481 1067 535 et
1082 472 1195 544 Diras,

309 567 412 634 Cirim
433 576 465 629 et
488 565 633 631 Culicem.
681 564 809 645 scripsit
834 565 929 628 ettam
958 566 997 629 de
1026 585 1094 648 qua
1120 567 1208 648 ambit

304 662 441 726 Aetnam
461 663 545 740 (nam
564 660 651 741 quod
668 659 889 740 interpositum
913 674 960 722 est
984 678 1205 742 argumentum

305 756 382 835 licis,
417 755 449 817 id
476 756 619 817 Donatus
654 774 692 816 ex
727 753 836 816 codice
866 754 926 816 suo
953 739 1125 819 Suetonio*
1145 758 1208 818 inser

306 849 358 912 hic
378 849 417 912 de
436 869 568 931 corpore
589 849 818 930 opusculorum
838 850 973 911 verbum
993 851 1141 929 nullum;
1164 871 1208 913 em

306 960 413 1007 rantur
440 959 501 1005 tres
521 943 732 1014 collectiones,
760 961 895 1024 quarum
922 943 1025 1024 prima
1055 962 1134 1026 post
1159 966 1208 1008 mot

306 1053 417 1118 poetae
442 1037 523 1101 facta
548 1039 646 1118 (catal.
675 1038 719 1116 14)
749 1055 809 1099 suo
839 1037 1067 1119 epigrammate
1093 1043 1208 1104 conclu

307 1139 391 1206 (vate
416 1132 606 1213 Syracosia),
639 1132 735 1194 altera
768 1151 853 1195 nunc
887 1131 1019 1213 quidem
1046 1134 1110 1198 tria
1140 1153 1208 1216 poen

308 1227 557 1308 comprehendit,
582 1226 638 1289 sed
664 1227 697 1288 in
717 1225 880 1289 codicibus
906 1247 979 1290 cum
1011 1228 1122 1310 priore
1153 1230 1208 1292 ita¹

307 1323 414 1385 iuncta
435 1336 481 1384 est
500 1336 535 1382 ut
555 1339 625 1383 eam
645 1321 809 1384 antecedat
830 1322 923 1384 titulo
943 1323 1120 1402 cataleptan
1145 1324 1208 1385 subi

308 1417 398 1481 tertia
410 1430 530 1479 servata
544 1430 589 1476 est
602 1415 635 1477 in
649 1417 833 1498 anthologia
846 1417 1039 1480 Salmasiana
1054 1419 1208 1496 (256-263

272 1557 274 1562 ,
308 1513 365 1575 sed
390 1532 448 1575 nec
474 1509 575 1572 solida
599 1530 658 1572 nec
683 1511 817 1593 integrm
847 1511 962 1574 deinde
986 1528 1049 1574 tres
1074 1513 1208 1576 libellis

309 1625 376 1689 quo
407 1605 576 1687 ambigitur
607 1621 745 1687 quartus.
795 1607 916 1669 accedit
937 1606 1000 1668 vita
1019 1607 1113 1670 Servi
1135 1625 1208 1670 contr

308 1700 387 1763 tario
413 1700 562 1763 Aeneidis
585 1701 764 1782 praemissa.
814 1721 895 1783 quae
918 1701 982 1763 vita
1013 1719 1164 1784 excerpta
1185 1719 1208 1763 es

307 1795 378 1878 ipso
404 1795 566 1870 Suetonio,
593 1815 711 1877 paucae
742 1815 791 1857 res
820 1815 859 1858 ex
889 1799 1129 1860 commentariis
1159 1798 1208 1860 adis

309 1891 360 1954 vel
391 1906 536 1952 mutatae.
587 1889 640 1951 ille
666 1888 761 1970 igitur
789 1891 876 1971 quod
903 1907 975 1972 post
1000 1893 1167 1956 Ballistam
1189 1909 1208 1952 nt

308 1985 436 2067 scripsit
445 1984 540 2048 ettam
552 1994 666 2066 septem
678 1985 743 2048 siae
758 1993 822 2047 acta
836 1984 935 2048 libras
947 1985 1019 2049 lias:
1045 1985 1075 2052 C
1073 1987 1145 2051 irin
1163 1988 1208 2050 Ati

314 2079 453 2144 Calicem
486 2078 640 2160 Priapeia
679 2077 857 2144 Canama
891 2080 1145 2162 Epigrammata
1178 2081 1208 2160 a

311 2173 427 2246 Diras,
446 2174 663 2236 testimonium
684 2174 769 2236 idem
790 2189 835 2236 est
857 2174 922 2236 sive
948 2177 1054 2257 potius
1075 2179 1173 2240 unius
1189 2191 1208 2236 at

312 2268 479 2330 relationes
498 2269 576 2329 duas
594 2283 747 2331 tenemus.
797 2285 891 2350 atque
921 2270 1049 2332 Servius
1078 2273 1172 2334 aliter
1195 2287 1208 2348 qt

312 2361 456 2423 Donatus
476 2362 583 2424 titulos
604 2363 755 2445 disponit:
779 2365 902 2426 orditur
915 2384 933 2425 a
946 2363 1060 2426 libellis
1074 2366 1208 2446 grandior

312 2457 421 2536 tribus,
448 2457 550 2539 pergit
575 2458 614 2519 ad
639 2459 850 2538 collectiones,
875 2474 1037 2539 postremo
1063 2461 1141 2524 loco
1161 2475 1208 2522 cart

313 2551 437 2614 minora
457 2568 488 2614 et
507 2552 630 2634 singula
650 2553 754 2634 ponit;
782 2554 907 2634 Copam
934 2570 987 2618 aut
1011 2555 1078 2636 ipse
1101 2556 1208 2618 adiecit

312 2645 456 2707 Donatus
490 2647 604 2710 omisit.
654 2653 792 2710 Aetnam
826 2649 930 2712 ordini
960 2650 1082 2728 inserit,
1123 2652 1208 2730 sedq

313 2739 483 2803 Suetonius
505 2742 581 2805 dixit
602 2743 640 2805 de
654 2747 757 2806 Aetna
775 2743 902 2824 ambigi,
922 2743 975 2806 ille
994 2761 1122 2826 septem
1142 2747 1208 2828 sivet

311 2835 408 2900 libros
433 2857 500 2899 esse
527 2854 638 2900 narrat.
685 2838 759 2900 hinc
783 2838 924 2919 sequitur
947 2839 1067 2900 ordinis
1087 2839 1208 2926 mutarint

312 2951 335 3016 a
357 2931 467 2994 Servio
492 2932 606 2995 factam
631 2943 712 3010 esse,
743 2932 932 2995 Suetonium
962 2947 1069 2994 autem
1097 2935 1139 2998 de
1166 2953 1207 3001 co

312 3043 496 3109 poematum
522 3046 588 3095 non
613 3027 712 3108 magis
742 3028 885 3089 locutum
915 3047 1102 3109 essequam
1129 3030 1207 3092 Dona

312 3122 368 3183 sed
383 3125 563 3203 catalogum
577 3122 758 3183 libellorum
770 3122 891 3185 dedisse
903 3142 999 3204 quem
1014 3122 1186 3205 excerptori

313 3216 435 3279 luberet
466 3217 597 3279 reddere
627 3216 742 3279 liceret.
797 3238 899 3280 unum
926 3233 1019 3280 restat
1044 3221 1137 3300 quod
1166 3215 1194 3278 ad

315 3311 469 3390 pertinere
504 3311 563 3373 viri
589 3311 675 3374 docti
703 3312 844 3374 iudicant
873 3313 1092 3375 testimonium
1126 3314 1206 3376 Dion

314 3405 402 3467 cuius
422 3408 518 3468 verba
537 3426 566 3486 p.
584 3409 648 3484 512,
668 3425 704 3486 ²7
721 3407 897 3487 priapeia,
918 3427 977 3488 qua
1000 3406 1160 3488 Vergilius
1175 3407 1195 3468 itt

314 3492 484 3563 lastanibas
495 3502 562 3564 sais
574 3501 730 3582 amsfait,
745 3501 806 3564 tale
818 3511 866 3565 est
876 3502 1027 3583 (sequitur
1036 3523 1148 3565 versus
1159 3497 1198 3563 ficti

315 3590 447 3654 fortasse
465 3597 504 3656 ab
519 3615 557 3658 eo
575 3597 706 3659 secundi
719 3597 836 3658 saeculi
855 3596 1062 3676 grammatico
1082 3598 1186 3678 scripta
