2528 4202
258 333 311 375 110
611 308 870 356 COMMENTARWS

208 523 210 530 ·
244 491 444 573 furibundus
463 489 666 554 rneribundus
692 504 721 551 et
741 488 840 551 addit:
870 487 1023 569 excipitur
1045 487 1242 552 alternitatrs

253 607 351 650 causa
374 585 574 658 rubicundus,
599 583 685 666 quod
705 584 738 646 e'n
754 582 951 665 paenultima
969 582 1094 664 syllaba
1106 593 1173 664 pro
1194 583 1242 646 bc

253 680 374 754 habuit,
401 702 440 744 ne
462 679 505 742 sit
526 678 690 752 absonum,
714 678 746 741 si
767 676 962 740 rubtlandus
985 677 1134 740 decamus.
1183 677 1243 740 sed

254 797 293 838 ne
307 774 483 839 rubicunda
502 775 632 855 quidem
652 794 723 836 rosa
744 772 863 855 optime
883 772 978 834 simul
994 782 1160 854 purpurea
1181 793 1244 834 vo-

256 885 352 933 catur.
393 869 455 931 iam
475 870 677 930 arcessendus
699 884 744 931 est
764 868 945 945 Vossianus,
966 867 1021 948 qui
1043 886 1174 929 versum
1196 867 1244 930 sic

255 965 405 1045 scriptum
427 963 566 1025 exhibet:
592 984 647 1026 nec
670 985 746 1028 rosa
767 973 963 1044 purpureum
988 971 1126 1025 crescent
1143 962 1243 1044 pudi-

255 1058 360 1122 bunda
373 1057 531 1120 ruborem.
559 1058 591 1120 in
607 1078 669 1138 qua
682 1057 834 1138 scriptura
847 1059 987 1139 primum
1001 1059 1243 1120 observandum

255 1169 300 1215 est
314 1153 598 1233 interpolationem,
615 1152 641 1213 si
655 1172 735 1232 quae
750 1169 804 1231 est,
818 1173 884 1214 non
898 1153 938 1215 ad
951 1153 1055 1234 ipsum
1068 1153 1243 1216 librarium

254 1248 418 1328 pertinere,
440 1267 513 1308 nam
527 1261 692 1327 corruptus
707 1246 758 1310 hic
772 1268 901 1329 quoque
915 1268 1023 1310 versus
1037 1264 1095 1325 est;
1119 1249 1242 1311 deinde

254 1340 432 1411 rubznenda
454 1341 601 1407 Bembini
625 1342 778 1423 scriptura
808 1363 846 1406 ex
876 1343 1020 1406 Vossiani
1048 1341 1243 1423 pudebunda

255 1436 348 1498 etiam
370 1436 490 1498 facilius
511 1435 669 1499 derivatur
683 1457 779 1518 quam
793 1457 830 1499 ex
844 1438 1042 1519 reliquorum
1056 1454 1243 1500 correctura

254 1551 335 1612 quae
365 1531 428 1592 iam
459 1551 525 1594 esse
554 1533 680 1595 videtur
707 1531 890 1595 rubicunda.
951 1532 1079 1594 Colum.
1108 1552 1154 1608 ιο,
1187 1553 1242 1595 102

254 1646 329 1690 rosa
345 1626 440 1707 plena
455 1626 596 1707 pudoris,
618 1627 656 1690 cf.
672 1627 737 1690 260.
779 1647 817 1689 eo
838 1627 935 1708 igitur
953 1627 1081 1690 inclinat
1100 1626 1244 1704 animus,

253 1737 289 1783 ut
309 1721 391 1783 hanc
411 1741 540 1804 quoque
561 1723 706 1786 Vossiani
730 1722 916 1803 scripturam
939 1721 972 1784 in
992 1740 1102 1785 earum
1123 1723 1262 1783 nume?

253 1836 326 1877 rum
351 1816 484 1879 referam
505 1837 583 1898 quas
606 1818 639 1879 in
664 1817 712 1878 his
737 1817 855 1880 ultimis
880 1832 1007 1880 centum
1031 1816 1175 1879 versibus
1203 1815 1262 1878 ex‘

253 1912 366 1972 veteris
392 1910 509 1973 codicis
534 1911 711 1991 fragmento
735 1911 776 1973 ad
796 1911 941 1975 Vossiani
962 1910 1121 1991 exemplar
1143 1913 1244 1974 ascri·
1257 1911 1262 1990 'j

253 2020 321 2086 ptas
345 2003 440 2067 fuisse
461 2005 663 2068 coniecimus.
703 2021 796 2088 atque
824 2005 1063 2069 concedendum
1088 2021 1135 2068 est
1156 2005 1262 2092 hanc]

255 2099 390 2162 formam
410 2120 519 2162 versus
545 2101 674 2164 fortasse
699 2100 757 2182 ipsi
782 2117 894 2182 poetae
914 2100 1134 2163 ascribendam
1155 2099 1261 2180 essetj

253 2203 284 2255 et
301 2214 378 2256 rosa
389 2204 588 2275 purpureum
612 2216 751 2259 crescens
763 2195 949 2276 pecdibunda
975 2193 1139 2267 ruborcm;
1164 2205 1261 2256 nam¹

254 2287 443 2350 adiectivum
465 2311 574 2352 secum
599 2290 685 2353 ducit
709 2310 828 2352 nomen
854 2290 941 2369 quod
967 2305 1012 2352 est
1034 2288 1189 2354 ruborem
1211 2305 1244 2352 et

254 2381 425 2444 ablativum
452 2403 559 2447 casum
585 2385 732 2447 substitui
756 2404 822 2446 non
847 2399 893 2446 est
916 2403 1051 2446 necesse.
1092 2383 1241 2448 mirabile

254 2477 287 2538 in
308 2477 367 2539 hac
387 2478 539 2558 scriptura
559 2479 671 2542 accidit
691 2478 778 2560 quod
794 2488 978 2560 purpureus
996 2477 1095 2541 rubor
1114 2479 1241 2540 locutio

252 2587 300 2633 est
320 2571 489 2635 Ovidiana:
510 2574 585 2636 trist.
605 2594 635 2654 4,
657 2575 683 2651 3,
703 2592 742 2651 70
760 2582 941 2654 purpureus
958 2607 996 2620 ·-
1015 2573 1048 2635 irc
1062 2592 1118 2634 ore
1135 2573 1244 2636 rubor

255 2667 299 2744 (in
320 2667 493 2729 Amoribus
507 2678 690 2749 purpureus
709 2667 817 2740 rubor,
844 2668 881 2730 cf.
901 2668 1017 2730 Bittius
1037 2668 1055 2729 l.
1077 2688 1100 2728 s.
1122 2686 1152 2747 p.
1175 2670 1243 2748 49);

256 2761 327 2824 Sen.
349 2761 466 2824 Phaed.
490 2763 546 2842 376
575 2783 636 2825 non
665 2783 726 2825 cra
755 2761 898 2842 tingueret
926 2761 1026 2826 nectale
1052 2771 1242 2843 pterpureus

202 2870 242 2916 loo
256 2855 363 2919 rubor.
404 2857 460 2918 sed
481 2857 558 2919 haec
579 2856 768 2921 dubitationi
782 2857 928 2920 obnoxia.
968 2871 1154 2936 sequentem
1169 2877 1241 2919 ver·

255 2972 326 3014 sum
348 2969 383 3014 ut
402 2951 435 3013 in
455 2967 634 3014 transcursu
654 2953 910 3034 perstringamus,
930 2971 1026 3014 nemo
1046 2952 1079 3014 in
1100 2952 1240 3016 dubium

256 3062 346 3110 vocet
371 3067 461 3110 omne
478 3067 590 3129 genus,
619 3047 670 3110 hic
693 3056 741 3109 est
761 3062 890 3128 propter
914 3045 996 3108 arsin
1022 3046 1055 3108 in
1082 3045 1239 3112 incisione

256 3157 390 3215 auctam,
411 3162 484 3204 cum
500 3142 700 3222 praecesserit
721 3143 775 3222 395
790 3151 966 3223 congestum
979 3140 1152 3206 cumunvic
1162 3153 1238 3224 opus

256 3247 347 3318 atque
374 3236 422 3314 (cf.
448 3255 502 3315 124
521 3237 631 3300 aeriae
646 3236 782 3318 plectam}
810 3236 891 3298 inter
914 3255 994 3316 quas
1018 3235 1116 3316 nupia
1135 3235 1237 3316 lotcslt

255 3333 310 3394 sed
330 3331 523 3413 synaloepha
542 3341 574 3394 et
589 3331 690 3395 vmlae
709 3351 798 3394 omne
810 3350 921 3412 genus,
943 3330 1109 3393 durissima
1129 3331 1163 3394 in
1183 3353 1236 3396 vo

256 3427 370 3489 cabulo
390 3427 597 3507 anapaestico,
617 3429 656 3489 ab
677 3427 738 3489 hoc
757 3442 850 3507 poeta
870 3426 972 3488 aliena
987 3441 1041 3504 est,
1065 3429 1234 3490 verborum

255 3536 361 3582 autem
381 3521 582 3601 transpositio
607 3521 717 3583 similis
737 3521 817 3583 facta
836 3540 927 3584 versu
951 3521 1156 3600 subsequenti
1179 3537 1233 3601 402

256 3612 347 3676 decus
359 3634 501 3694 surgens.
533 3615 764 3696 frequentatum
772 3634 876 3697 genus
888 3635 978 3678 omne
990 3631 1025 3677 ut
1038 3635 1128 3678 omne
1135 3635 1232 3698 genus
