2370 4072
447 111 493 157 AD
507 110 658 171 bus-300
1002 130 1036 190 9¹

45 308 151 374 poeta
183 292 366 375 neglexerit.
418 293 451 355 in
480 294 579 356 altero
609 307 715 356 autem
753 291 898 354 membro
927 289 978 354 laic
1007 290 1040 352 in

46 388 157 451 altero
178 386 241 451 leae
260 386 374 469 posuit,
394 386 546 468 quoniam
567 403 633 448 non
653 400 688 448 ut
705 385 757 447 361
781 405 826 466 sq.
848 385 896 463 (cf.
914 385 970 464 398
983 385 1041 464 sq.)

47 482 324 545 communionem
344 480 407 545 loci
426 480 481 544 sed
497 482 687 562 procedente
701 498 847 543 sermone
868 481 933 541 duo
955 478 1042 559 paria

46 576 222 658 utrimque
248 576 421 640 adsidentia
446 574 723 653 indicarevolui13
754 591 848 657 atque
874 573 919 637 sic
939 571 1041 654 pergit

45 690 81 734 v.
96 672 159 752 3²7
179 670 254 734 lauto
269 670 362 753 gerit
376 688 507 735 werras
522 669 634 751 proles
651 669 784 733 laer&
807 668 910 733 vituts
933 683 963 731 et
984 668 1042 746 334

46 762 105 829 hic
124 775 160 829 et
183 763 353 829 Tanatleae
366 784 561 848 generatum
576 765 679 847 prolis
693 764 823 829 Atrides
841 763 965 836 assidet,
986 761 1041 825 ubi

46 870 84 923 et
100 877 177 923 eam
199 859 364 923 notionem
385 859 479 923 habet
493 879 589 942 quam
602 881 631 922 v.
647 861 704 940 296
719 860 834 923 habere
849 879 915 922 non
929 871 1041 940 potest.

47 952 104 1018 hic
137 955 296 1018 ascribam
320 954 501 1017 anacoluthi
527 955 611 1017 illius
642 956 824 1036 exemplum
849 954 938 1016 aliter
964 971 1041 1015 con-

48 1047 243 1127 formatum,
263 1048 379 1112 Aconti
398 1048 548 1130 epistulae
568 1070 597 1112 v.
616 1051 669 1130 178
691 1059 724 1113 et
739 1059 773 1113 tu
792 1049 941 1121 continuo,
961 1057 1042 1110 certe

50 1162 110 1226 ego
131 1141 246 1207 salvus
264 1162 328 1214 ero,
353 1161 449 1223 quem
473 1163 600 1207 versum
624 1165 726 1225 nuper
751 1159 904 1225 temptare
928 1160 1041 1222 coepe-

9 1262 12 1295 :
51 1253 130 1301 runt
152 1252 185 1301 et
206 1257 246 1300 ne
266 1238 439 1300 Ehwaldus
460 1237 590 1320 quidem
617 1254 652 1301 ut
672 1239 744 1301 libri
763 1238 891 1302 tradunt
911 1236 1041 1318 recepit;

55 1330 154 1396 habet
179 1347 287 1396 autem
313 1333 498 1397 adverbium
524 1336 638 1398 eodem
664 1334 772 1397 colore
797 1333 954 1414 insignem
975 1350 1040 1413 quo

57 1442 100 1490 est
125 1426 218 1507 apud
238 1427 427 1492 Ciceronem
453 1428 492 1492 de
513 1431 572 1512 leg.
597 1451 621 1500 r,
643 1431 678 1492 35
705 1448 748 1492 ex
771 1427 822 1491 lus
846 1427 938 1499 entin,
961 1446 1042 1507 quae

62 1521 176 1600 dtlrittr}
202 1521 304 1586 Attico
326 1523 459 1599 vt'detto,
485 1524 568 1589 mt'lri
588 1524 713 1606 quodem
739 1532 828 1601 certe,
858 1541 900 1584 ex
924 1530 1042 1584 namra

63 1627 163 1681 uttam
182 1636 251 1680 esse
271 1617 336 1693 ius5
364 1637 438 1682 nam
463 1620 520 1682 ista
544 1620 589 1682 sic
609 1620 771 1682 Vahlenus
797 1616 966 1680 constituit.
1007 1629 1041 1676 ut

66 1708 133 1775 illuc
167 1713 346 1793 redeamus,
376 1733 457 1796 quae
488 1714 670 1796 interposita
699 1729 773 1776 sunt
792 1734 820 1775 v.
841 1729 898 1791 297
929 1708 1094 1773 Peousoo

69 1822 196 1889 tamque
214 1817 246 1869 et
262 1806 444 1872 Telamonia
455 1809 559 1873 virtus
573 1819 634 1890 per
645 1827 758 1873 secura
764 1805 871 1888 patris
884 1804 1042 1868 manao

72 1901 191 1965 rumora
211 1901 297 1964 idem
317 1902 381 1966 fere
400 1903 460 1967 sibi
479 1905 593 1967 volunt
619 1902 707 1985 quod
726 1921 754 1962 v.
772 1901 828 1962 262
849 1898 981 1963 Alcestts
1000 1897 1042 1961 ab

74 1996 146 2060 omi
162 1996 315 2060 motata
339 2008 435 2062 vacat
451 2017 539 2072 cura,
564 1999 616 2060 illa
640 1997 726 2079 quod
740 1995 869 2058 Admeti
880 1995 961 2074 fata
979 2012 1042 2055 mo·

72 2099 170 2164 ratast,
192 2090 226 2152 hi
239 2100 304 2172 per
321 2112 433 2157 securo
445 2095 553 2175 patros
572 2093 711 2166 nummo,
733 2092 771 2153 cf.
792 2095 920 2169 Aemo
940 2106 1042 2152 aurea

73 2185 164 2249 semri
190 2186 262 2266 quis
289 2187 386 2251 nescit
410 2188 537 2252 saecula
565 2188 674 2269 regis?
705 2205 821 2266 nempe
850 2184 906 2266 qui
934 2187 1043 2246 Aeaco

74 2294 145 2355 patre
166 2280 275 2359 utitur,
296 2281 363 2345 iure
383 2303 443 2345 suo
462 2283 548 2366 apud
568 2283 685 2345 inferos
699 2299 775 2342 cura
788 2295 884 2342 vacat.
926 2279 1040 2340 deinde

73 2373 147 2452 quod
167 2374 332 2456 utriusque
357 2378 501 2440 conubiis
531 2377 630 2442 Venus
655 2386 687 2439 et
702 2375 805 2438 virtus
823 2373 972 2438 honorem
992 2373 1041 2434 in·
1053 2382 1094 2429 299

71 2464 197 2531 iunxisse
231 2469 392 2550 dicuntur,
431 2492 507 2535 sane
542 2493 608 2535 non
641 2487 759 2533 temere
792 2470 845 2532 ille
879 2467 1042 2530 coniunxit

71 2558 223 2626 Honorem
235 2573 267 2627 et
282 2564 438 2629 Wrtutem.
470 2567 508 2630 cf.
521 2568 578 2630 358
592 2566 651 2630 alii
656 2564 780 2646 pariles
792 2562 917 2626 virtutis
926 2563 1043 2624 honore

71 2654 147 2734 (item
165 2658 293 2722 vomas
310 2660 428 2724 honore
449 2663 572 2725 luvenc.
594 2682 621 2739 2,
644 2662 698 2722 355
721 2658 774 2721 ubi
795 2656 955 2719 adnotavit
976 2655 1042 2717 Cu·

70 2749 128 2815 litis
151 2754 262 2817 locum
286 2754 486 2836 Humerus),
512 2756 587 2818 Stat.
607 2755 674 2816 silv.
696 2774 724 2831 2,
745 2755 772 2831 3,
793 2753 832 2830 64
851 2761 984 2832 posuere
1009 2748 1042 2811 in

66 2854 180 2926 pectore
197 2847 303 2911 sedem
323 2849 456 2913 blandus
474 2849 570 2913 Itonos
584 2849 759 2929 hilarisque
773 2881 809 2892 —-
822 2845 938 2916 viram
958 2843 1042 2905 Mes-

69 2943 155 3007 ttllae
174 2942 316 3006 Telesini
340 2945 449 3007 titulus
475 2946 512 3007 C.
527 2945 549 3006 l.
565 2945 600 3006 L.
621 2965 649 3023 9,
671 2962 751 3021 2214
774 2936 902 3004 lionoris
926 2944 957 2997 et
977 2934 1040 2996 vir-

69 3038 134 3100 taut
162 3056 268 3101 causa.
318 3052 412 3121 atque
442 3040 482 3101 de
513 3039 609 3101 Peleo
641 3037 727 3098 nulla
757 3030 925 3096 dubitatio:
959 3029 1094 3110 cepitaoo

70 3128 233 3195 Thetidem
252 3151 344 3195 amor
363 3133 421 3194 viri
444 3133 620 3210 fortissimi;
639 3132 695 3193 sed
716 3130 754 3191 de
775 3127 951 3189 Telamone
972 3142 1041 3184 cor-

71 3242 153 3309 rupta
173 3228 252 3290 haec
270 3227 351 3290 hunc
370 3228 480 3309 rapuit
486 3229 578 3308 serit.
620 3245 693 3288 nam
720 3222 807 3303 quod
832 3219 973 3299 sequitur
992 3226 1045 3280 ast

72 3336 163 3399 potest
186 3340 261 3384 sane
286 3323 326 3383 ad
350 3341 485 3404 sequens
515 3340 694 3404 pronomen
724 3315 897 3380 secundum
923 3310 1042 3392 Vergili

74 3414 193 3497 eiusque
206 3415 400 3480 imitatorum
414 3437 537 3480 morem
552 3415 688 3493 adsumi3
710 3413 824 3475 eodem
842 3429 949 3472 versus
969 3408 1041 3469 loco
