2528 4202
223 312 261 390 73
579 304 839 352 connumerans

223 511 303 572 quae
328 503 477 551 secuntur
501 487 541 549 de
566 489 761 552 Danaidibus
789 506 826 547 ex
852 504 965 548 eorum
990 504 1105 565 genere
1129 500 1210 548 sunt

222 603 303 666 quae
334 584 385 646 vel
414 583 447 644 in
478 584 539 646 hoc
570 583 707 646 carmine
738 579 875 644 maxime
905 579 1026 642 mireris
1056 580 1209 644 homines

222 695 331 743 acutos
352 693 382 741 et
402 677 435 739 in
455 676 596 756 legendis
615 676 717 758 poetis
738 675 921 739 exercitatos
936 695 1001 737 non
1015 675 1210 738 intellexisse

222 788 252 836 et
283 771 470 836 coniecturis
502 771 652 834 obruisse.
704 771 759 845 ite,
789 769 900 852 quibus
928 769 1038 832 taedas
1066 771 1213 836 accendit

222 866 321 932 aratu
350 866 481 947 Erinys:
512 866 593 930 secut
618 866 742 948 Hymen
771 866 924 947 praefata
958 865 1043 930 dedit
1072 865 1209 930 conubia

221 961 340 1023 mortis.
393 959 469 1041 quid
495 960 546 1022 hic
571 981 637 1023 non
660 979 773 1022 sanum
799 975 829 1023 et
853 963 1001 1040 probum,
1032 961 1091 1023 nisi
1121 961 1208 1024 forte

223 1055 399 1136 asyndeton
420 1054 639 1118 duriusculum
658 1056 810 1132 videatur,
832 1075 896 1136 quo
910 1069 1016 1117 tamen
1031 1057 1208 1137 figuratum

222 1168 404 1211 sermonem
424 1149 553 1212 affectus
573 1150 732 1212 indicandi
757 1169 849 1213 causa
873 1165 968 1230 poeta
986 1151 1095 1213 voluit.
1137 1171 1208 1213 non

222 1243 427 1325 Hymenaeus
447 1243 480 1305 in
501 1243 617 1325 nuptiis
637 1245 743 1306 aderat
766 1245 822 1307 sed
842 1245 971 1326 Erinys:
995 1264 1034 1308 ac
1051 1243 1135 1307 menz·
1151 1265 1210 1307 nec

223 1337 302 1400 Iuno
321 1355 376 1399 nec
394 1336 528 1417 Hymen,
546 1339 606 1400 sed
621 1339 720 1402 tristis
738 1339 857 1420 Erinys
875 1338 1031 1420 praetulit
1048 1339 1210 1418 infaustas

221 1430 459 1513 sanguirwanta
469 1432 573 1512 faces,
595 1449 629 1497 ut
649 1453 750 1496 unum
772 1453 809 1495 ex
830 1433 937 1494 multis
957 1433 1035 1495 locis
1056 1432 1126 1511 (Ov.
1139 1433 1208 1496 her.

222 1527 250 1602 6,
260 1527 309 1605 45)
324 1526 474 1604 adferam,
489 1527 528 1590 de
543 1527 658 1608 quibus
672 1543 744 1608 post
757 1527 835 1590 alios
849 1527 1017 1609 disputavit
1027 1527 1209 1590 Richardus

222 1621 365 1683 Schmidt
386 1621 425 1682 de
446 1622 632 1702 Hymenaeo
660 1639 690 1684 et
710 1622 853 1684 Talassio
874 1641 904 1702 p.
918 1623 957 1702 64
974 1641 1020 1702 sq.
1048 1623 1087 1684 de
1113 1642 1208 1686 more

221 1731 327 1779 autem
349 1736 385 1778 ea
398 1715 501 1797 specie
515 1715 625 1778 induta
638 1716 815 1794 advenerat,
836 1731 871 1778 ut
888 1716 1007 1779 iustum
1020 1716 1207 1798 nuptiarum

221 1830 342 1873 numen
366 1810 410 1873 eis
436 1830 502 1872 csse
528 1810 687 1873 videretur
707 1810 762 1892 qui
785 1811 818 1872 in
837 1811 932 1872 sacris
952 1810 1094 1887 aderant;
1126 1831 1207 1892 ergo

220 1905 301 1968 sicut
316 1905 439 1986 Hymen
461 1905 616 1985 praefata
642 1922 696 1983 est,
726 1906 782 1968 sed
811 1904 896 1968 dedit
922 1904 1055 1968 conubia
1076 1905 1204 1968 Mortis.

222 2000 383 2079 nimirum,
402 2001 436 2063 id
455 2001 480 2062 si
501 2020 631 2064 monere
653 2021 734 2081 opus
755 2017 810 2080 est,
833 1999 976 2062 omnibus
995 1996 1089 2060 rebus
1108 2017 1206 2079 agen·

221 2094 271 2157 dis
283 2095 368 2175 qnod
378 2095 641 2174 bonamsaustnm
652 2095 740 2178 felix
745 2095 1005 2176 fhrmnatnmqm
1017 2101 1097 2155 esset
1108 2102 1206 2172 prae·

211 2188 374 2268 sabantnr
393 2189 469 2267 (Cic.
485 2190 524 2252 de
538 2190 600 2252 div.
619 2213 642 2267 1,
667 2191 729 2268 102)
752 2204 782 2251 et
802 2189 921 2252 Fabius
938 2187 1108 2251 Maximus
1128 2187 1205 2251 Ser-

220 2282 358 2346 vilianos
374 2284 517 2364 postifera
541 2284 573 2346 in
593 2283 675 2348 libro
693 2284 772 2348 XII
785 2293 882 2364 negat
902 2292 1043 2364 oportere
1061 2291 1134 2344 atro
1154 2282 1205 2345 die

217 2378 393 2459 parentari,
417 2377 493 2459 quaa
512 2387 583 2440 tum
601 2397 720 2458 quoque
741 2377 855 2441 Ianum
871 2377 1036 2458 Iooernque
1048 2378 1207 2458 praefari

220 2492 340 2535 necesse
358 2481 410 2545 est,
431 2491 507 2553 qnos
519 2473 682 2535 nomenari
692 2483 764 2535 atro
776 2471 827 2536 die
841 2493 902 2535 non
915 2481 1035 2553 oportet
1052 2473 1203 2550 (Macrob.

220 2581 275 2628 sat.
300 2588 323 2636 r,
349 2567 392 2645 16,
412 2568 475 2644 25);
506 2586 582 2647 ergo
609 2566 686 2629 talia
704 2566 892 2647 praefantes
916 2566 1073 2647 qnondam
1088 2566 1205 2646 selicza

221 2659 313 2722 Pebo
331 2660 476 2724 carmina
489 2660 594 2724 divino
607 2661 783 2723 cecinerunt
790 2670 917 2742 pectore
924 2672 1046 2741 parcae
1059 2664 1141 2741 (Cat.
1155 2663 1205 2741 64,

222 2754 298 2833 382),
319 2771 349 2817 et
369 2755 552 2836 Lygdamus
573 2758 610 2835 (2,
636 2757 695 2834 15):
712 2756 883 2836 praefatae
902 2767 973 2821 ana
992 2777 1077 2820 nuos
1094 2777 1208 2820 manes

221 2847 422 2930 animamque
436 2859 584 2930 precatae
604 2885 641 2894 —
661 2869 734 2912 ossa
753 2849 861 2931 egent.
908 2851 1023 2932 quibus
1047 2852 1209 2914 contraria
1261 2933 1262 2936 Ἴ

220 2959 293 3006 sunt
322 2943 493 3007 navcsscma
521 2943 620 3014 verba
651 2947 742 3021 (Aen.
763 2945 795 3020 6,
816 2946 869 3008 231
904 2945 937 3008 in
966 2947 1208 3027 parentatione).

221 3054 251 3101 et
277 3059 316 3101 eo
341 3059 435 3101 sensu
455 3039 553 3104 utitur
573 3039 688 3104 Statius
714 3053 748 3100 ut
777 3040 858 3102 male
879 3042 1038 3121 praefetur
1059 3041 1209 3123 epicedio

223 3135 248 3208 5,
272 3136 286 3196 5
307 3154 357 3196 me
375 3134 527 3196 miserum
541 3169 578 3178 —
592 3154 688 3214 neque
705 3133 789 3196 enim
801 3133 907 3197 verbis
918 3135 1118 3198 sollemnibus
1136 3135 1211 3198 ulla

220 3227 375 3308 cnczpcam.
416 3228 528 3309 Erinys
548 3228 651 3309 igitur,
663 3228 725 3306 illa5
752 3243 787 3290 ut
808 3228 920 3291 Medea
946 3230 1035 3311 quasi
1055 3231 1211 3311 pronuba

220 3320 334 3403 Erinys
360 3332 432 3403 post
461 3323 625 3404 sacrificas
646 3334 759 3404 preces
787 3323 889 3386 caedit
921 3324 1032 3388 daona
1059 3324 1213 3388 nicomas

220 3413 377 3479 altaribus
396 3418 478 3496 (Sen.
500 3419 583 3481 Med.
609 3420 666 3497 38),
692 3418 737 3481 sic
757 3434 787 3480 et
807 3418 874 3498 ipsa
894 3419 1074 3501 Hymenaei
1094 3439 1212 3501 preces
1260 3441 1261 3462 ¹

221 3524 254 3570 et
271 3530 441 3590 personam
462 3513 580 3577 imitata
600 3512 778 3574 mortiferas
797 3514 919 3594 peragit
939 3513 1074 3595 nuptias.
1114 3514 1213 3576 aliter
1260 3579 1261 3586 ¹

224 3600 286 3674 'nse
308 3605 511 3685 Hymenaeus
539 3607 656 3688 nuptiis
681 3607 854 3669 infaustum
879 3625 1028 3672 eventum
1049 3609 1213 3672 habituris
1260 3601 1261 3643 t
