<?xml version="1.0" encoding="UTF-8"?>
<!DOCTYPE html PUBLIC "-//W3C//DTD XHTML 1.0 Transitional//EN"
    "http://www.w3.org/TR/xhtml1/DTD/xhtml1-transitional.dtd">
<html xmlns="http://www.w3.org/1999/xhtml" xml:lang="en" lang="en">
 <head>
  <title>
</title>
<meta http-equiv="Content-Type" content="text/html;charset=utf-8" />
  <meta name='ocr-system' content='tesseract 3.04.00' />
  <meta name='ocr-capabilities' content='ocr_page ocr_carea ocr_par ocr_line ocrx_word'/>
</head>
<body>
  <div class='ocr_page' id='page_1' title='image "./cvlexcarmenverg00verggoog_0117.png"; bbox 0 0 2370 4072; ppageno 0'>
   <div class='ocr_carea' id='block_1_1' title="bbox 112 208 733 289">
    <p class='ocr_par' dir='ltr' id='par_1_1' title="bbox 112 208 733 289">
     <span class='ocr_line' id='line_1_1' title="bbox 112 208 733 289; baseline -0.008 -29"><span class='ocrx_word' id='word_1_1' title='bbox 112 230 166 289; x_wconf 86' lang='lat'>¹04</span> <span class='ocrx_word' id='word_1_2' title='bbox 473 208 733 256; x_wconf 72' lang='lat' dir='ltr'>cointrsmmvs</span> 
     </span>
    </p>
   </div>
   <div class='ocr_carea' id='block_1_2' title="bbox 57 389 1118 769">
    <p class='ocr_par' dir='ltr' id='par_1_2' title="bbox 57 389 1118 769">
     <span class='ocr_line' id='line_1_2' title="bbox 107 389 1067 471; baseline -0.003 -18"><span class='ocrx_word' id='word_1_3' title='bbox 107 411 203 471; x_wconf 89' lang='lat' dir='ltr'>quem</span> <span class='ocrx_word' id='word_1_4' title='bbox 230 411 290 454; x_wconf 90' lang='lat' dir='ltr'>suo</span> <span class='ocrx_word' id='word_1_5' title='bbox 316 391 389 452; x_wconf 93' lang='lat' dir='ltr'>loco</span> <span class='ocrx_word' id='word_1_6' title='bbox 414 391 535 454; x_wconf 85' lang='lat' dir='ltr'>moveri</span> <span class='ocrx_word' id='word_1_7' title='bbox 564 407 594 454; x_wconf 89' lang='lat' dir='ltr'>et</span> <span class='ocrx_word' id='word_1_8' title='bbox 618 391 680 453; x_wconf 89' lang='lat' dir='ltr'>alio</span> <span class='ocrx_word' id='word_1_9' title='bbox 704 389 827 471; x_wconf 85' lang='lat' dir='ltr'>reponi,</span> <span class='ocrx_word' id='word_1_10' title='bbox 855 406 890 453; x_wconf 88' lang='lat' dir='ltr'>ut</span> <span class='ocrx_word' id='word_1_11' title='bbox 910 390 1021 453; x_wconf 87' lang='lat' dir='ltr'>scilicet</span> <span class='ocrx_word' id='word_1_12' title='bbox 1037 389 1067 451; x_wconf 90' lang='lat' dir='ltr'>ad</span> 
     </span>
     <span class='ocr_line' id='line_1_3' title="bbox 107 485 694 567; baseline -0.002 -19"><span class='ocrx_word' id='word_1_13' title='bbox 107 506 218 548; x_wconf 90' lang='lat' dir='ltr'>omnes</span> <span class='ocrx_word' id='word_1_14' title='bbox 237 485 399 567; x_wconf 84' lang='lat' dir='ltr'>pertineat,</span> <span class='ocrx_word' id='word_1_15' title='bbox 421 487 508 548; x_wconf 88' lang='lat' dir='ltr'>nulla</span> <span class='ocrx_word' id='word_1_16' title='bbox 527 505 620 548; x_wconf 85' lang='lat' dir='ltr'>causa</span> <span class='ocrx_word' id='word_1_17' title='bbox 640 502 694 548; x_wconf 80' lang='lat' dir='ltr'>est</span> 
     </span>
     <span class='ocr_line' id='line_1_4' title="bbox 186 579 1118 675; baseline -0.001 -32"><span class='ocrx_word' id='word_1_18' title='bbox 186 582 236 643; x_wconf 82' lang='lat' dir='ltr'>Ad</span> <span class='ocrx_word' id='word_1_19' title='bbox 261 581 459 661; x_wconf 83' lang='lat' dir='ltr'>singulorum</span> <span class='ocrx_word' id='word_1_20' title='bbox 482 599 632 642; x_wconf 87' lang='lat' dir='ltr'>versuum</span> <span class='ocrx_word' id='word_1_21' title='bbox 660 579 831 642; x_wconf 89' lang='lat' dir='ltr'>lectionem</span> <span class='ocrx_word' id='word_1_22' title='bbox 856 581 946 661; x_wconf 90' lang='lat' dir='ltr'>quod</span> <span class='ocrx_word' id='word_1_23' title='bbox 970 581 1118 675; x_wconf 50' lang='lat' dir='ltr'>attinetp-</span> 
     </span>
     <span class='ocr_line' id='line_1_5' title="bbox 57 675 1118 769; baseline -0.007 -27"><span class='ocrx_word' id='word_1_24' title='bbox 57 699 96 742; x_wconf 78' lang='lat' dir='ltr'>aas</span> <span class='ocrx_word' id='word_1_25' title='bbox 110 699 138 739; x_wconf 84' lang='lat' dir='ltr'>v.</span> <span class='ocrx_word' id='word_1_26' title='bbox 155 678 210 739; x_wconf 78' lang='lat'>358</span> <span class='ocrx_word' id='word_1_27' title='bbox 229 675 332 738; x_wconf 77' lang='lat' dir='ltr'>trident</span> <span class='ocrx_word' id='word_1_28' title='bbox 348 691 533 757; x_wconf 89' lang='lat' dir='ltr'>corruptum</span> <span class='ocrx_word' id='word_1_29' title='bbox 557 694 624 736; x_wconf 88' lang='lat' dir='ltr'>esse</span> <span class='ocrx_word' id='word_1_30' title='bbox 649 694 687 735; x_wconf 85' lang='lat' dir='ltr'>ex</span> <span class='ocrx_word' id='word_1_31' title='bbox 710 693 749 735; x_wconf 92' lang='lat' dir='ltr'>eo</span> <span class='ocrx_word' id='word_1_32' title='bbox 770 675 859 756; x_wconf 91' lang='lat' dir='ltr'>quod</span> <span class='ocrx_word' id='word_1_33' title='bbox 879 675 912 736; x_wconf 93' lang='lat' dir='ltr'>in</span> <span class='ocrx_word' id='word_1_34' title='bbox 933 675 1070 737; x_wconf 88' lang='lat' dir='ltr'>Vossiano</span> <span class='ocrx_word' id='word_1_35' title='bbox 1095 680 1118 769; x_wconf 43' lang='lat' dir='ltr'>b</span> 
     </span>
    </p>
   </div>
   <div class='ocr_carea' id='block_1_3' title="bbox 24 769 1118 3605">
    <p class='ocr_par' dir='ltr' id='par_1_3' title="bbox 24 769 1118 3605">
     <span class='ocr_line' id='line_1_6' title="bbox 107 769 1118 861; baseline -0.003 -28"><span class='ocrx_word' id='word_1_36' title='bbox 107 772 221 851; x_wconf 86' lang='lat' dir='ltr'>legitur</span> <span class='ocrx_word' id='word_1_37' title='bbox 239 769 346 833; x_wconf 68' lang='lat' dir='ltr'>saltem</span> <span class='ocrx_word' id='word_1_38' title='bbox 363 790 428 833; x_wconf 96' lang='lat' dir='ltr'>non</span> <span class='ocrx_word' id='word_1_39' title='bbox 449 771 553 832; x_wconf 89' lang='lat' dir='ltr'>credo.</span> <span class='ocrx_word' id='word_1_40' title='bbox 600 785 709 850; x_wconf 90' lang='lat' dir='ltr'>aptum</span> <span class='ocrx_word' id='word_1_41' title='bbox 729 785 809 831; x_wconf 89' lang='lat' dir='ltr'>esset</span> <span class='ocrx_word' id='word_1_42' title='bbox 830 769 946 844; x_wconf 75' lang='lat' dir='ltr'>sedent,</span> <span class='ocrx_word' id='word_1_43' title='bbox 971 770 1023 833; x_wconf 88' lang='lat' dir='ltr'>sed</span> <span class='ocrx_word' id='word_1_44' title='bbox 1040 789 1071 830; x_wconf 86' lang='lat' dir='ltr'>ne</span> <span class='ocrx_word' id='word_1_45' title='bbox 1096 772 1118 861; x_wconf 69' lang='lat' dir='ltr'>l</span> 
     </span>
     <span class='ocr_line' id='line_1_7' title="bbox 107 862 1114 947; baseline -0.001 -19"><span class='ocrx_word' id='word_1_46' title='bbox 107 866 186 928; x_wconf 93' lang='lat' dir='ltr'>illud</span> <span class='ocrx_word' id='word_1_47' title='bbox 206 866 336 947; x_wconf 90' lang='lat' dir='ltr'>quidem</span> <span class='ocrx_word' id='word_1_48' title='bbox 355 865 559 946; x_wconf 84' lang='lat' dir='ltr'>sequentibus</span> <span class='ocrx_word' id='word_1_49' title='bbox 579 864 628 926; x_wconf 87' lang='lat' dir='ltr'>his</span> <span class='ocrx_word' id='word_1_50' title='bbox 641 865 744 926; x_wconf 82' lang='lat' dir='ltr'>verbis</span> <span class='ocrx_word' id='word_1_51' title='bbox 757 862 929 945; x_wconf 75' lang='lat' dir='ltr'><em>mediisque</em></span> <span class='ocrx_word' id='word_1_52' title='bbox 946 864 1000 927; x_wconf 74' lang='lat' dir='ltr'>sid</span> <span class='ocrx_word' id='word_1_53' title='bbox 1015 872 1075 927; x_wconf 69' lang='lat' dir='ltr'>nent</span> <span class='ocrx_word' id='word_1_54' title='bbox 1098 904 1114 935; x_wconf 76' lang='grc'>,</span> 
     </span>
     <span class='ocr_line' id='line_1_8' title="bbox 106 950 1118 1043; baseline -0.001 -21"><span class='ocrx_word' id='word_1_55' title='bbox 106 959 229 1023; x_wconf 81' lang='lat' dir='ltr'>sedibus</span> <span class='ocrx_word' id='word_1_56' title='bbox 251 981 371 1036; x_wconf 81' lang='lat' dir='ltr'>omnes;</span> <span class='ocrx_word' id='word_1_57' title='bbox 402 980 478 1043; x_wconf 81' lang='lat' dir='ltr'>ergo</span> <span class='ocrx_word' id='word_1_58' title='bbox 508 961 547 1021; x_wconf 96' lang='lat' dir='ltr'>ab</span> <span class='ocrx_word' id='word_1_59' title='bbox 575 959 708 1022; x_wconf 89' lang='lat' dir='ltr'>Heinsio</span> <span class='ocrx_word' id='word_1_60' title='bbox 738 958 842 1039; x_wconf 85' lang='lat' dir='ltr'>recepi</span> <span class='ocrx_word' id='word_1_61' title='bbox 871 978 906 1022; x_wconf 84' lang='lat' dir='ltr'>se</span> <span class='ocrx_word' id='word_1_62' title='bbox 930 959 1010 1023; x_wconf 81' lang='lat' dir='ltr'>dant</span> <span class='ocrx_word' id='word_1_63' title='bbox 1033 959 1074 1039; x_wconf 84' lang='lat' dir='ltr'>(cl.</span> <span class='ocrx_word' id='word_1_64' title='bbox 1100 950 1118 1019; x_wconf 80' lang='lat' dir='ltr'>l-</span> 
     </span>
     <span class='ocr_line' id='line_1_9' title="bbox 54 1046 1118 1134; baseline -0.001 -17"><span class='ocrx_word' id='word_1_65' title='bbox 54 1072 93 1117; x_wconf 78' lang='lat' dir='ltr'>ats</span> <span class='ocrx_word' id='word_1_66' title='bbox 107 1056 309 1118; x_wconf 82' lang='lat' dir='ltr'>Marklandus</span> <span class='ocrx_word' id='word_1_67' title='bbox 334 1056 375 1117; x_wconf 90' lang='lat' dir='ltr'>ad</span> <span class='ocrx_word' id='word_1_68' title='bbox 395 1056 470 1118; x_wconf 81' lang='lat' dir='ltr'>Stat.</span> <span class='ocrx_word' id='word_1_69' title='bbox 490 1055 557 1116; x_wconf 91' lang='lat' dir='ltr'>silv.</span> <span class='ocrx_word' id='word_1_70' title='bbox 583 1074 607 1133; x_wconf 86' lang='lat' dir='ltr'>t,</span> <span class='ocrx_word' id='word_1_71' title='bbox 626 1073 655 1133; x_wconf 79' lang='lat'>4,</span> <span class='ocrx_word' id='word_1_72' title='bbox 674 1055 733 1134; x_wconf 81' lang='lat'>49).</span> <span class='ocrx_word' id='word_1_73' title='bbox 778 1074 807 1115; x_wconf 75' lang='lat' dir='ltr'>r.</span> <span class='ocrx_word' id='word_1_74' title='bbox 830 1053 888 1133; x_wconf 84' lang='lat'>364</span> <span class='ocrx_word' id='word_1_75' title='bbox 909 1053 999 1118; x_wconf 83' lang='lat' dir='ltr'>bellis</span> <span class='ocrx_word' id='word_1_76' title='bbox 1017 1074 1076 1116; x_wconf 93' lang='lat' dir='ltr'>cor·</span> <span class='ocrx_word' id='word_1_77' title='bbox 1102 1046 1118 1129; x_wconf 61' lang='lat'>³3</span> 
     </span>
     <span class='ocr_line' id='line_1_10' title="bbox 106 1140 1114 1233; baseline 0.003 -21"><span class='ocrx_word' id='word_1_78' title='bbox 106 1166 235 1232; x_wconf 90' lang='lat' dir='ltr'>ruptum</span> <span class='ocrx_word' id='word_1_79' title='bbox 257 1171 322 1213; x_wconf 84' lang='lat' dir='ltr'>esse</span> <span class='ocrx_word' id='word_1_80' title='bbox 343 1166 480 1233; x_wconf 82' lang='lat' dir='ltr'>apparet,</span> <span class='ocrx_word' id='word_1_81' title='bbox 500 1168 575 1212; x_wconf 87' lang='lat' dir='ltr'>cum</span> <span class='ocrx_word' id='word_1_82' title='bbox 588 1166 715 1230; x_wconf 59' lang='lat' dir='ltr'>ganges</span> <span class='ocrx_word' id='word_1_83' title='bbox 732 1148 765 1210; x_wconf 83' lang='lat' dir='ltr'>in</span> <span class='ocrx_word' id='word_1_84' title='bbox 778 1146 866 1210; x_wconf 84' lang='lat' dir='ltr'>unda</span> <span class='ocrx_word' id='word_1_85' title='bbox 878 1147 961 1211; x_wconf 88' lang='lat' dir='ltr'><strong>nihil</strong></span> <span class='ocrx_word' id='word_1_86' title='bbox 974 1149 1078 1212; x_wconf 88' lang='lat' dir='ltr'>habeat</span> <span class='ocrx_word' id='word_1_87' title='bbox 1106 1140 1114 1215; x_wconf 67' lang='lat'>²¹.</span> 
     </span>
     <span class='ocr_line' id='line_1_11' title="bbox 105 1241 1118 1327; baseline -0.001 -21"><span class='ocrx_word' id='word_1_88' title='bbox 105 1245 193 1324; x_wconf 89' lang='lat' dir='ltr'>quod</span> <span class='ocrx_word' id='word_1_89' title='bbox 218 1245 357 1308; x_wconf 84' lang='lat' dir='ltr'>offendat</span> <span class='ocrx_word' id='word_1_90' title='bbox 380 1246 430 1307; x_wconf 92' lang='lat' dir='ltr'>vel</span> <span class='ocrx_word' id='word_1_91' title='bbox 451 1247 624 1307; x_wconf 87' lang='lat' dir='ltr'>obscurum</span> <span class='ocrx_word' id='word_1_92' title='bbox 649 1243 696 1304; x_wconf 87' lang='lat' dir='ltr'>sit</span> <span class='ocrx_word' id='word_1_93' title='bbox 737 1262 797 1324; x_wconf 83' lang='lat' dir='ltr'>ego</span> <span class='ocrx_word' id='word_1_94' title='bbox 814 1241 940 1322; x_wconf 70' lang='lat' dir='ltr'>palkns</span> <span class='ocrx_word' id='word_1_95' title='bbox 959 1244 1080 1327; x_wconf 84' lang='lat' dir='ltr'>reposui</span> <span class='ocrx_word' id='word_1_96' title='bbox 1111 1270 1118 1319; x_wconf 64' lang='grc' dir='ltr'><strong>ς</strong></span> 
     </span>
     <span class='ocr_line' id='line_1_12' title="bbox 104 1337 1081 1422; baseline 0.002 -22"><span class='ocrx_word' id='word_1_97' title='bbox 104 1343 237 1402; x_wconf 85' lang='lat' dir='ltr'>verbum</span> <span class='ocrx_word' id='word_1_98' title='bbox 257 1341 363 1403; x_wconf 86' lang='lat' dir='ltr'>inferis</span> <span class='ocrx_word' id='word_1_99' title='bbox 382 1340 548 1422; x_wconf 89' lang='lat' dir='ltr'>proprium</span> <span class='ocrx_word' id='word_1_100' title='bbox 568 1339 634 1417; x_wconf 84' lang='lat'>(333</span> <span class='ocrx_word' id='word_1_101' title='bbox 651 1337 864 1419; x_wconf 68' lang='lat' dir='ltr'>palmmsqrae</span> <span class='ocrx_word' id='word_1_102' title='bbox 884 1337 983 1414; x_wconf 66' lang='lat' dir='ltr'>aaa,</span> <span class='ocrx_word' id='word_1_103' title='bbox 1003 1340 1081 1422; x_wconf 82' lang='lat' dir='ltr'>Lyg-</span> 
     </span>
     <span class='ocr_line' id='line_1_13' title="bbox 104 1432 1081 1516; baseline 0.003 -21"><span class='ocrx_word' id='word_1_104' title='bbox 104 1435 217 1496; x_wconf 87' lang='lat' dir='ltr'>damus</span> <span class='ocrx_word' id='word_1_105' title='bbox 238 1437 264 1514; x_wconf 89' lang='grc'>5,</span> <span class='ocrx_word' id='word_1_106' title='bbox 285 1455 318 1497; x_wconf 89' lang='lat'>21</span> <span class='ocrx_word' id='word_1_107' title='bbox 340 1435 464 1516; x_wconf 78' lang='lat' dir='ltr'>parcite</span> <span class='ocrx_word' id='word_1_108' title='bbox 477 1433 631 1516; x_wconf 73' lang='lat' dir='ltr'>pallentes</span> <span class='ocrx_word' id='word_1_109' title='bbox 649 1432 750 1496; x_wconf 75' lang='lat' dir='ltr'>medas</span> <span class='ocrx_word' id='word_1_110' title='bbox 768 1432 954 1515; x_wconf 78' lang='lat' dir='ltr'>qut’cumqtoe</span> <span class='ocrx_word' id='word_1_111' title='bbox 973 1435 1081 1508; x_wconf 71' lang='lat' dir='ltr'>mus,</span> 
     </span>
     <span class='ocr_line' id='line_1_14' title="bbox 104 1528 1083 1592; baseline 0 0"><span class='ocrx_word' id='word_1_112' title='bbox 104 1530 177 1592; x_wconf 88' lang='lat' dir='ltr'>Sen.</span> <span class='ocrx_word' id='word_1_113' title='bbox 205 1529 285 1591; x_wconf 89' lang='lat' dir='ltr'>Oed.</span> <span class='ocrx_word' id='word_1_114' title='bbox 309 1529 362 1591; x_wconf 80' lang='lat'>582</span> <span class='ocrx_word' id='word_1_115' title='bbox 391 1529 490 1592; x_wconf 69' lang='lat' dir='ltr'>nebda</span> <span class='ocrx_word' id='word_1_116' title='bbox 514 1529 646 1592; x_wconf 74' lang='lat' dir='ltr'>dehiscit</span> <span class='ocrx_word' id='word_1_117' title='bbox 666 1537 756 1590; x_wconf 80' lang='lat' dir='ltr'>terra</span> <span class='ocrx_word' id='word_1_118' title='bbox 780 1537 812 1590; x_wconf 84' lang='lat' dir='ltr'>et</span> <span class='ocrx_word' id='word_1_119' title='bbox 837 1528 992 1591; x_wconf 80' lang='lat' dir='ltr'>immenso</span> <span class='ocrx_word' id='word_1_120' title='bbox 1016 1529 1083 1592; x_wconf 74' lang='lat' dir='ltr'>tritu</span> 
     </span>
     <span class='ocr_line' id='line_1_15' title="bbox 103 1621 1082 1705; baseline 0.001 -19"><span class='ocrx_word' id='word_1_121' title='bbox 103 1624 216 1687; x_wconf 75' lang='lat' dir='ltr'>laxata</span> <span class='ocrx_word' id='word_1_122' title='bbox 233 1623 345 1705; x_wconf 75' lang='lat' dir='ltr'>pattct&#39;t,</span> <span class='ocrx_word' id='word_1_123' title='bbox 370 1623 434 1704; x_wconf 61' lang='lat' dir='ltr'>epse</span> <span class='ocrx_word' id='word_1_124' title='bbox 456 1633 609 1705; x_wconf 78' lang='lat' dir='ltr'>torpentes</span> <span class='ocrx_word' id='word_1_125' title='bbox 632 1622 719 1684; x_wconf 68' lang='lat' dir='ltr'>lactes</span> <span class='ocrx_word' id='word_1_126' title='bbox 741 1621 810 1684; x_wconf 77' lang='lat' dir='ltr'>uidi</span> <span class='ocrx_word' id='word_1_127' title='bbox 836 1622 919 1684; x_wconf 70' lang='lat' dir='ltr'>mter</span> <span class='ocrx_word' id='word_1_128' title='bbox 943 1623 1082 1698; x_wconf 84' lang='lat' dir='ltr'>umbras,</span> 
     </span>
     <span class='ocr_line' id='line_1_16' title="bbox 103 1716 1083 1800; baseline 0 -19"><span class='ocrx_word' id='word_1_129' title='bbox 103 1719 168 1800; x_wconf 81' lang='lat' dir='ltr'>ipse</span> <span class='ocrx_word' id='word_1_130' title='bbox 185 1717 339 1799; x_wconf 71' lang='lat' dir='ltr'>pallentes</span> <span class='ocrx_word' id='word_1_131' title='bbox 361 1717 442 1792; x_wconf 79' lang='lat' dir='ltr'>deos,</span> <span class='ocrx_word' id='word_1_132' title='bbox 473 1718 511 1780; x_wconf 83' lang='lat' dir='ltr'>cf.</span> <span class='ocrx_word' id='word_1_133' title='bbox 536 1717 753 1780; x_wconf 88' lang='lat' dir='ltr'>Broukhusius</span> <span class='ocrx_word' id='word_1_134' title='bbox 778 1716 818 1777; x_wconf 89' lang='lat' dir='ltr'>ad</span> <span class='ocrx_word' id='word_1_135' title='bbox 841 1716 916 1780; x_wconf 89' lang='lat' dir='ltr'>Tib.</span> <span class='ocrx_word' id='word_1_136' title='bbox 939 1720 967 1798; x_wconf 83' lang='lat'>3,</span> <span class='ocrx_word' id='word_1_137' title='bbox 992 1741 1015 1799; x_wconf 88' lang='lat'>1,</span> <span class='ocrx_word' id='word_1_138' title='bbox 1036 1719 1083 1797; x_wconf 86' lang='lat'>28)</span> 
     </span>
     <span class='ocr_line' id='line_1_17' title="bbox 105 1812 1084 1894; baseline -0.002 -18"><span class='ocrx_word' id='word_1_139' title='bbox 105 1835 170 1876; x_wconf 93' lang='lat' dir='ltr'>non</span> <span class='ocrx_word' id='word_1_140' title='bbox 192 1829 274 1876; x_wconf 91' lang='lat' dir='ltr'>certa</span> <span class='ocrx_word' id='word_1_141' title='bbox 295 1812 484 1888; x_wconf 82' lang='lat' dir='ltr'>coniectura,</span> <span class='ocrx_word' id='word_1_142' title='bbox 510 1812 566 1874; x_wconf 90' lang='lat' dir='ltr'>sed</span> <span class='ocrx_word' id='word_1_143' title='bbox 592 1812 674 1875; x_wconf 87' lang='lat' dir='ltr'>facili</span> <span class='ocrx_word' id='word_1_144' title='bbox 695 1828 726 1875; x_wconf 92' lang='lat' dir='ltr'>et</span> <span class='ocrx_word' id='word_1_145' title='bbox 745 1827 825 1894; x_wconf 75' lang='lat' dir='ltr'>apta,</span> <span class='ocrx_word' id='word_1_146' title='bbox 852 1833 928 1874; x_wconf 90' lang='lat' dir='ltr'>nam</span> <span class='ocrx_word' id='word_1_147' title='bbox 950 1813 998 1874; x_wconf 91' lang='lat' dir='ltr'>dis</span> <span class='ocrx_word' id='word_1_148' title='bbox 1018 1834 1084 1875; x_wconf 90' lang='lat' dir='ltr'>ma-</span> 
     </span>
     <span class='ocr_line' id='line_1_18' title="bbox 105 1907 1083 1988; baseline 0 -18"><span class='ocrx_word' id='word_1_149' title='bbox 105 1910 197 1971; x_wconf 90' lang='lat' dir='ltr'>nibus</span> <span class='ocrx_word' id='word_1_150' title='bbox 218 1907 347 1970; x_wconf 89' lang='lat' dir='ltr'>Curtius</span> <span class='ocrx_word' id='word_1_151' title='bbox 366 1927 400 1968; x_wconf 88' lang='lat' dir='ltr'>se</span> <span class='ocrx_word' id='word_1_152' title='bbox 421 1908 547 1969; x_wconf 87' lang='lat' dir='ltr'>devovit</span> <span class='ocrx_word' id='word_1_153' title='bbox 567 1908 644 1987; x_wconf 87' lang='lat' dir='ltr'>(Liv.</span> <span class='ocrx_word' id='word_1_154' title='bbox 666 1927 693 1988; x_wconf 86' lang='lat'>7,</span> <span class='ocrx_word' id='word_1_155' title='bbox 713 1908 742 1987; x_wconf 89' lang='lat'>6,</span> <span class='ocrx_word' id='word_1_156' title='bbox 761 1911 800 1988; x_wconf 88' lang='lat'>4),</span> <span class='ocrx_word' id='word_1_157' title='bbox 821 1908 860 1969; x_wconf 89' lang='lat' dir='ltr'>ad</span> <span class='ocrx_word' id='word_1_158' title='bbox 881 1928 965 1988; x_wconf 92' lang='lat' dir='ltr'>quos</span> <span class='ocrx_word' id='word_1_159' title='bbox 986 1925 1083 1972; x_wconf 88' lang='lat' dir='ltr'>terrae</span> 
     </span>
     <span class='ocr_line' id='line_1_19' title="bbox 52 2001 1082 2085; baseline -0.001 -19"><span class='ocrx_word' id='word_1_160' title='bbox 52 2003 208 2066; x_wconf 82' lang='lat' dir='ltr'>asohiatus</span> <span class='ocrx_word' id='word_1_161' title='bbox 233 2001 416 2083; x_wconf 67' lang='lat' dir='ltr'>pertinebat</span> <span class='ocrx_word' id='word_1_162' title='bbox 457 2023 485 2063; x_wconf 90' lang='lat' dir='ltr'>v.</span> <span class='ocrx_word' id='word_1_163' title='bbox 506 2003 563 2063; x_wconf 87' lang='lat'>366</span> <span class='ocrx_word' id='word_1_164' title='bbox 587 2003 728 2085; x_wconf 89' lang='lat' dir='ltr'>potentia</span> <span class='ocrx_word' id='word_1_165' title='bbox 753 2002 834 2083; x_wconf 84' lang='lat' dir='ltr'>regis</span> <span class='ocrx_word' id='word_1_166' title='bbox 854 2001 994 2082; x_wconf 78' lang='lat' dir='ltr'>legitime</span> <span class='ocrx_word' id='word_1_167' title='bbox 1017 2004 1082 2066; x_wconf 85' lang='lat' dir='ltr'>ie.</span> 
     </span>
     <span class='ocr_line' id='line_1_20' title="bbox 104 2096 1084 2180; baseline 0.004 -23"><span class='ocrx_word' id='word_1_168' title='bbox 104 2097 171 2159; x_wconf 91' lang='lat' dir='ltr'>iure</span> <span class='ocrx_word' id='word_1_169' title='bbox 192 2096 281 2159; x_wconf 89' lang='lat' dir='ltr'>cessit</span> <span class='ocrx_word' id='word_1_170' title='bbox 301 2096 408 2158; x_wconf 90' lang='lat' dir='ltr'>virtuti</span> <span class='ocrx_word' id='word_1_171' title='bbox 428 2097 516 2159; x_wconf 89' lang='lat' dir='ltr'>omni</span> <span class='ocrx_word' id='word_1_172' title='bbox 536 2097 567 2158; x_wconf 88' lang='lat' dir='ltr'>vi</span> <span class='ocrx_word' id='word_1_173' title='bbox 588 2119 623 2160; x_wconf 90' lang='lat' dir='ltr'>ac</span> <span class='ocrx_word' id='word_1_174' title='bbox 643 2097 783 2179; x_wconf 92' lang='lat' dir='ltr'>potentia</span> <span class='ocrx_word' id='word_1_175' title='bbox 804 2096 981 2176; x_wconf 86' lang='lat' dir='ltr'>destitutae,</span> <span class='ocrx_word' id='word_1_176' title='bbox 1008 2099 1084 2180; x_wconf 86' lang='lat' dir='ltr'>legi-</span> 
     </span>
     <span class='ocr_line' id='line_1_21' title="bbox 104 2190 1085 2273; baseline 0.003 -21"><span class='ocrx_word' id='word_1_177' title='bbox 104 2192 218 2252; x_wconf 91' lang='lat' dir='ltr'>timum</span> <span class='ocrx_word' id='word_1_178' title='bbox 243 2190 359 2253; x_wconf 88' lang='lat' dir='ltr'>scilicet</span> <span class='ocrx_word' id='word_1_179' title='bbox 383 2190 416 2253; x_wconf 94' lang='lat' dir='ltr'>in</span> <span class='ocrx_word' id='word_1_180' title='bbox 440 2192 560 2273; x_wconf 87' lang='lat' dir='ltr'>regiam</span> <span class='ocrx_word' id='word_1_181' title='bbox 584 2208 770 2273; x_wconf 88' lang='lat' dir='ltr'>potestatem</span> <span class='ocrx_word' id='word_1_182' title='bbox 794 2190 966 2272; x_wconf 88' lang='lat' dir='ltr'>imperium</span> <span class='ocrx_word' id='word_1_183' title='bbox 987 2193 1085 2255; x_wconf 84' lang='lat' dir='ltr'>virtus</span> 
     </span>
     <span class='ocr_line' id='line_1_22' title="bbox 104 2285 1083 2367; baseline 0.003 -20"><span class='ocrx_word' id='word_1_184' title='bbox 104 2286 250 2347; x_wconf 82' lang='lat' dir='ltr'>exercuit.</span> <span class='ocrx_word' id='word_1_185' title='bbox 291 2285 346 2364; x_wconf 89' lang='lat' dir='ltr'>qui</span> <span class='ocrx_word' id='word_1_186' title='bbox 370 2287 516 2348; x_wconf 78' lang='lat' dir='ltr'>vocabuli</span> <span class='ocrx_word' id='word_1_187' title='bbox 540 2307 615 2348; x_wconf 89' lang='lat' dir='ltr'>usus</span> <span class='ocrx_word' id='word_1_188' title='bbox 638 2287 718 2365; x_wconf 80' lang='lat' dir='ltr'>licet,</span> <span class='ocrx_word' id='word_1_189' title='bbox 743 2287 769 2347; x_wconf 91' lang='lat' dir='ltr'>si</span> <span class='ocrx_word' id='word_1_190' title='bbox 788 2286 896 2347; x_wconf 88' lang='lat' dir='ltr'>lexicis</span> <span class='ocrx_word' id='word_1_191' title='bbox 917 2287 1006 2367; x_wconf 87' lang='lat' dir='ltr'>fides,</span> <span class='ocrx_word' id='word_1_192' title='bbox 1031 2308 1083 2350; x_wconf 81' lang='lat' dir='ltr'>ex·</span> 
     </span>
     <span class='ocr_line' id='line_1_23' title="bbox 105 2379 1083 2463; baseline 0.004 -22"><span class='ocrx_word' id='word_1_193' title='bbox 105 2379 216 2459; x_wconf 88' lang='lat' dir='ltr'>emplis</span> <span class='ocrx_word' id='word_1_194' title='bbox 237 2394 346 2457; x_wconf 81' lang='lat' dir='ltr'>careat,</span> <span class='ocrx_word' id='word_1_195' title='bbox 371 2396 436 2441; x_wconf 90' lang='lat' dir='ltr'>tam</span> <span class='ocrx_word' id='word_1_196' title='bbox 456 2397 527 2463; x_wconf 89' lang='lat' dir='ltr'>apte</span> <span class='ocrx_word' id='word_1_197' title='bbox 548 2382 681 2462; x_wconf 90' lang='lat' dir='ltr'>quadrat</span> <span class='ocrx_word' id='word_1_198' title='bbox 706 2380 745 2442; x_wconf 90' lang='lat' dir='ltr'>ad</span> <span class='ocrx_word' id='word_1_199' title='bbox 765 2381 866 2461; x_wconf 87' lang='lat' dir='ltr'>ipsam</span> <span class='ocrx_word' id='word_1_200' title='bbox 886 2401 955 2443; x_wconf 90' lang='lat' dir='ltr'>rem</span> <span class='ocrx_word' id='word_1_201' title='bbox 977 2398 1009 2445; x_wconf 92' lang='lat' dir='ltr'>et</span> <span class='ocrx_word' id='word_1_202' title='bbox 1027 2403 1083 2445; x_wconf 84' lang='lat' dir='ltr'>vo·</span> 
     </span>
     <span class='ocr_line' id='line_1_24' title="bbox 105 2475 1084 2552; baseline 0.003 -16"><span class='ocrx_word' id='word_1_203' title='bbox 105 2475 207 2536; x_wconf 90' lang='lat' dir='ltr'>cabuli</span> <span class='ocrx_word' id='word_1_204' title='bbox 227 2489 379 2552; x_wconf 84' lang='lat' dir='ltr'>naturam,</span> <span class='ocrx_word' id='word_1_205' title='bbox 401 2491 436 2536; x_wconf 90' lang='lat' dir='ltr'>ut</span> <span class='ocrx_word' id='word_1_206' title='bbox 449 2475 488 2537; x_wconf 90' lang='lat' dir='ltr'>de</span> <span class='ocrx_word' id='word_1_207' title='bbox 502 2476 630 2538; x_wconf 90' lang='lat' dir='ltr'>veritate</span> <span class='ocrx_word' id='word_1_208' title='bbox 645 2476 788 2538; x_wconf 90' lang='lat' dir='ltr'>lectionis</span> <span class='ocrx_word' id='word_1_209' title='bbox 808 2476 916 2538; x_wconf 92' lang='lat' dir='ltr'>nullus</span> <span class='ocrx_word' id='word_1_210' title='bbox 930 2478 1084 2539; x_wconf 89' lang='lat' dir='ltr'>dubitem.</span> 
     </span>
     <span class='ocr_line' id='line_1_25' title="bbox 103 2568 1085 2652; baseline 0.006 -23"><span class='ocrx_word' id='word_1_211' title='bbox 103 2589 197 2630; x_wconf 88' lang='lat' dir='ltr'>sensu</span> <span class='ocrx_word' id='word_1_212' title='bbox 218 2568 302 2629; x_wconf 89' lang='lat' dir='ltr'>idem</span> <span class='ocrx_word' id='word_1_213' title='bbox 326 2570 443 2632; x_wconf 91' lang='lat' dir='ltr'>Catulli</span> <span class='ocrx_word' id='word_1_214' title='bbox 462 2571 542 2632; x_wconf 90' lang='lat' dir='ltr'>illud</span> <span class='ocrx_word' id='word_1_215' title='bbox 566 2571 636 2634; x_wconf 83' lang='lat' dir='ltr'>iure</span> <span class='ocrx_word' id='word_1_216' title='bbox 654 2571 754 2652; x_wconf 66' lang='lat' dir='ltr'>igzacr</span> <span class='ocrx_word' id='word_1_217' title='bbox 772 2571 941 2634; x_wconf 83' lang='lat' dir='ltr'>vincemur.</span> <span class='ocrx_word' id='word_1_218' title='bbox 983 2594 1013 2634; x_wconf 84' lang='lat' dir='ltr'>v.</span> <span class='ocrx_word' id='word_1_219' title='bbox 1029 2573 1085 2652; x_wconf 88' lang='lat'>370</span> 
     </span>
     <span class='ocr_line' id='line_1_26' title="bbox 25 2663 1084 2747; baseline 0.006 -25"><span class='ocrx_word' id='word_1_220' title='bbox 25 2663 271 2744; x_wconf 62' lang='lat' dir='ltr'>arotaSczptirdas</span> <span class='ocrx_word' id='word_1_221' title='bbox 296 2664 467 2727; x_wconf 85' lang='lat' dir='ltr'>Vossianus</span> <span class='ocrx_word' id='word_1_222' title='bbox 492 2666 632 2728; x_wconf 88' lang='lat' dir='ltr'>restituit.</span> <span class='ocrx_word' id='word_1_223' title='bbox 677 2666 799 2747; x_wconf 78' lang='lat' dir='ltr'>rapidis</span> <span class='ocrx_word' id='word_1_224' title='bbox 824 2667 994 2731; x_wconf 88' lang='lat' dir='ltr'>emendare</span> <span class='ocrx_word' id='word_1_225' title='bbox 1020 2688 1084 2730; x_wconf 94' lang='lat' dir='ltr'>non</span> 
     </span>
     <span class='ocr_line' id='line_1_27' title="bbox 104 2759 1084 2842; baseline 0.003 -22"><span class='ocrx_word' id='word_1_226' title='bbox 104 2759 206 2839; x_wconf 86' lang='lat' dir='ltr'>potui,</span> <span class='ocrx_word' id='word_1_227' title='bbox 233 2759 391 2839; x_wconf 85' lang='lat' dir='ltr'>eleganter</span> <span class='ocrx_word' id='word_1_228' title='bbox 414 2760 571 2840; x_wconf 90' lang='lat' dir='ltr'>Hauptius</span> <span class='ocrx_word' id='word_1_229' title='bbox 597 2762 730 2842; x_wconf 76' lang='lat' dir='ltr'>vepretzs</span> <span class='ocrx_word' id='word_1_230' title='bbox 758 2777 909 2824; x_wconf 91' lang='lat' dir='ltr'>monente</span> <span class='ocrx_word' id='word_1_231' title='bbox 940 2763 981 2825; x_wconf 92' lang='lat' dir='ltr'>de</span> <span class='ocrx_word' id='word_1_232' title='bbox 1011 2782 1084 2825; x_wconf 89' lang='lat' dir='ltr'>vera</span> 
     </span>
     <span class='ocr_line' id='line_1_28' title="bbox 102 2855 654 2935; baseline 0.002 -21"><span class='ocrx_word' id='word_1_233' title='bbox 102 2874 209 2915; x_wconf 87' lang='lat' dir='ltr'>versus</span> <span class='ocrx_word' id='word_1_234' title='bbox 229 2855 380 2916; x_wconf 90' lang='lat' dir='ltr'>sententia</span> <span class='ocrx_word' id='word_1_235' title='bbox 401 2855 522 2917; x_wconf 89' lang='lat' dir='ltr'>Naekio</span> <span class='ocrx_word' id='word_1_236' title='bbox 541 2875 571 2935; x_wconf 93' lang='lat' dir='ltr'>p.</span> <span class='ocrx_word' id='word_1_237' title='bbox 589 2876 654 2935; x_wconf 86' lang='lat'>294.</span> 
     </span>
     <span class='ocr_line' id='line_1_29' title="bbox 180 2948 1082 3034; baseline 0.004 -23"><span class='ocrx_word' id='word_1_238' title='bbox 180 2950 217 3012; x_wconf 94' lang='lat' dir='ltr'>V.</span> <span class='ocrx_word' id='word_1_239' title='bbox 234 2952 289 3029; x_wconf 84' lang='lat'>372</span> <span class='ocrx_word' id='word_1_240' title='bbox 310 2948 510 3010; x_wconf 90' lang='lat' dir='ltr'>redeundum</span> <span class='ocrx_word' id='word_1_241' title='bbox 527 2950 586 3011; x_wconf 91' lang='lat' dir='ltr'>sibi</span> <span class='ocrx_word' id='word_1_242' title='bbox 607 2951 640 3012; x_wconf 94' lang='lat' dir='ltr'>in</span> <span class='ocrx_word' id='word_1_243' title='bbox 654 2950 785 3012; x_wconf 88' lang='lat' dir='ltr'>Tartara</span> <span class='ocrx_word' id='word_1_244' title='bbox 805 2971 871 3012; x_wconf 91' lang='lat' dir='ltr'>esse</span> <span class='ocrx_word' id='word_1_245' title='bbox 893 2953 985 3014; x_wconf 83' lang='lat' dir='ltr'>culex</span> <span class='ocrx_word' id='word_1_246' title='bbox 1007 2974 1082 3034; x_wconf 91' lang='lat' dir='ltr'>que·</span> 
     </span>
     <span class='ocr_line' id='line_1_30' title="bbox 103 3044 1080 3125; baseline 0.006 -20"><span class='ocrx_word' id='word_1_247' title='bbox 103 3044 189 3123; x_wconf 85' lang='lat' dir='ltr'>titur,</span> <span class='ocrx_word' id='word_1_248' title='bbox 220 3065 282 3124; x_wconf 86' lang='lat' dir='ltr'>qua</span> <span class='ocrx_word' id='word_1_249' title='bbox 312 3045 352 3106; x_wconf 89' lang='lat' dir='ltr'>de</span> <span class='ocrx_word' id='word_1_250' title='bbox 382 3065 415 3105; x_wconf 89' lang='lat' dir='ltr'>re</span> <span class='ocrx_word' id='word_1_251' title='bbox 444 3064 538 3125; x_wconf 91' lang='lat' dir='ltr'>supra</span> <span class='ocrx_word' id='word_1_252' title='bbox 568 3046 713 3108; x_wconf 86' lang='lat' dir='ltr'>diximus.</span> <span class='ocrx_word' id='word_1_253' title='bbox 758 3046 898 3109; x_wconf 68' lang='lat' dir='ltr'>inaxime</span> <span class='ocrx_word' id='word_1_254' title='bbox 917 3048 1027 3111; x_wconf 70' lang='lat' dir='ltr'>Meiros</span> <span class='ocrx_word' id='word_1_255' title='bbox 1047 3084 1080 3093; x_wconf 97' lang='lat'>—</span> 
     </span>
     <span class='ocr_line' id='line_1_31' title="bbox 24 3137 1082 3222; baseline 0.009 -26"><span class='ocrx_word' id='word_1_256' title='bbox 24 3137 254 3204; x_wconf 63' lang='lat' dir='ltr'>arisadz‘scermt</span> <span class='ocrx_word' id='word_1_257' title='bbox 266 3161 294 3200; x_wconf 85' lang='lat' dir='ltr'>v.</span> <span class='ocrx_word' id='word_1_258' title='bbox 311 3141 368 3219; x_wconf 89' lang='lat'>374</span> <span class='ocrx_word' id='word_1_259' title='bbox 381 3160 426 3221; x_wconf 93' lang='lat' dir='ltr'>sq.</span> <span class='ocrx_word' id='word_1_260' title='bbox 447 3156 530 3202; x_wconf 92' lang='lat' dir='ltr'>recte</span> <span class='ocrx_word' id='word_1_261' title='bbox 545 3143 727 3203; x_wconf 88' lang='lat' dir='ltr'>emendasse</span> <span class='ocrx_word' id='word_1_262' title='bbox 741 3142 865 3204; x_wconf 90' lang='lat' dir='ltr'>videtur</span> <span class='ocrx_word' id='word_1_263' title='bbox 877 3142 1082 3222; x_wconf 87' lang='lat' dir='ltr'>Schraderus,</span> 
     </span>
     <span class='ocr_line' id='line_1_32' title="bbox 101 3232 1081 3318; baseline 0.008 -26"><span class='ocrx_word' id='word_1_264' title='bbox 101 3232 156 3293; x_wconf 86' lang='lat' dir='ltr'>sed</span> <span class='ocrx_word' id='word_1_265' title='bbox 176 3234 300 3296; x_wconf 84' lang='lat' dir='ltr'>vincula</span> <span class='ocrx_word' id='word_1_266' title='bbox 321 3234 486 3296; x_wconf 90' lang='lat' dir='ltr'>meliorem</span> <span class='ocrx_word' id='word_1_267' title='bbox 506 3255 633 3297; x_wconf 91' lang='lat' dir='ltr'>sensum</span> <span class='ocrx_word' id='word_1_268' title='bbox 658 3240 808 3318; x_wconf 88' lang='lat' dir='ltr'>praebent</span> <span class='ocrx_word' id='word_1_269' title='bbox 829 3257 924 3317; x_wconf 90' lang='lat' dir='ltr'>quam</span> <span class='ocrx_word' id='word_1_270' title='bbox 944 3237 1081 3311; x_wconf 81' lang='lat' dir='ltr'>saecula,</span> 
     </span>
     <span class='ocr_line' id='line_1_33' title="bbox 102 3329 1081 3412; baseline 0.009 -26"><span class='ocrx_word' id='word_1_271' title='bbox 102 3329 189 3406; x_wconf 93' lang='lat' dir='ltr'>quod</span> <span class='ocrx_word' id='word_1_272' title='bbox 211 3329 402 3390; x_wconf 89' lang='lat' dir='ltr'>vocabulum</span> <span class='ocrx_word' id='word_1_273' title='bbox 418 3329 494 3391; x_wconf 91' lang='lat' dir='ltr'>item</span> <span class='ocrx_word' id='word_1_274' title='bbox 516 3350 553 3391; x_wconf 84' lang='lat' dir='ltr'>ex</span> <span class='ocrx_word' id='word_1_275' title='bbox 572 3331 656 3392; x_wconf 88' lang='lat' dir='ltr'>illius</span> <span class='ocrx_word' id='word_1_276' title='bbox 677 3332 856 3394; x_wconf 88' lang='lat' dir='ltr'>coniectura</span> <span class='ocrx_word' id='word_1_277' title='bbox 876 3332 974 3412; x_wconf 86' lang='lat' dir='ltr'>vulgo</span> <span class='ocrx_word' id='word_1_278' title='bbox 996 3353 1081 3395; x_wconf 88' lang='lat' dir='ltr'>rece-</span> 
     </span>
     <span class='ocr_line' id='line_1_34' title="bbox 103 3424 1081 3509; baseline 0.007 -27"><span class='ocrx_word' id='word_1_279' title='bbox 103 3439 224 3501; x_wconf 90' lang='lat' dir='ltr'>perunt.</span> <span class='ocrx_word' id='word_1_280' title='bbox 266 3439 300 3485; x_wconf 92' lang='lat' dir='ltr'>ut</span> <span class='ocrx_word' id='word_1_281' title='bbox 316 3444 382 3485; x_wconf 91' lang='lat' dir='ltr'>non</span> <span class='ocrx_word' id='word_1_282' title='bbox 397 3424 464 3504; x_wconf 89' lang='lat' dir='ltr'>ipsa</span> <span class='ocrx_word' id='word_1_283' title='bbox 476 3426 565 3487; x_wconf 89' lang='lat' dir='ltr'>sedes</span> <span class='ocrx_word' id='word_1_284' title='bbox 579 3427 630 3506; x_wconf 93' lang='lat' dir='ltr'>pia</span> <span class='ocrx_word' id='word_1_285' title='bbox 645 3443 699 3504; x_wconf 84' lang='lat' dir='ltr'>est,</span> <span class='ocrx_word' id='word_1_286' title='bbox 719 3426 774 3488; x_wconf 89' lang='lat' dir='ltr'>sed</span> <span class='ocrx_word' id='word_1_287' title='bbox 789 3425 917 3507; x_wconf 91' lang='lat' dir='ltr'>piorum</span> <span class='ocrx_word' id='word_1_288' title='bbox 938 3447 1016 3509; x_wconf 82' lang='lat' dir='ltr'>ergo</span> <span class='ocrx_word' id='word_1_289' title='bbox 1031 3429 1081 3509; x_wconf 88' lang='lat' dir='ltr'>pia</span> 
     </span>
     <span class='ocr_line' id='line_1_35' title="bbox 102 3517 1080 3605; baseline 0.008 -29"><span class='ocrx_word' id='word_1_290' title='bbox 102 3518 140 3593; x_wconf 87' lang='lat' dir='ltr'>(v.</span> <span class='ocrx_word' id='word_1_291' title='bbox 153 3518 199 3596; x_wconf 83' lang='lat'>39,</span> <span class='ocrx_word' id='word_1_292' title='bbox 220 3517 258 3578; x_wconf 87' lang='lat' dir='ltr'>cl.</span> <span class='ocrx_word' id='word_1_293' title='bbox 279 3519 356 3599; x_wconf 85' lang='lat' dir='ltr'>epic.</span> <span class='ocrx_word' id='word_1_294' title='bbox 373 3519 468 3580; x_wconf 91' lang='lat' dir='ltr'>Drusi</span> <span class='ocrx_word' id='word_1_295' title='bbox 489 3521 545 3600; x_wconf 85' lang='lat'>329</span> <span class='ocrx_word' id='word_1_296' title='bbox 560 3522 615 3602; x_wconf 80' lang='lat' dir='ltr'>pio</span> <span class='ocrx_word' id='word_1_297' title='bbox 632 3557 671 3566; x_wconf 94' lang='lat'><em>-</em></span> <span class='ocrx_word' id='word_1_298' title='bbox 690 3523 722 3584; x_wconf 81' lang='lat' dir='ltr'>in</span> <span class='ocrx_word' id='word_1_299' title='bbox 742 3525 841 3602; x_wconf 85' lang='lat' dir='ltr'>arvo),</span> <span class='ocrx_word' id='word_1_300' title='bbox 862 3522 906 3584; x_wconf 90' lang='lat' dir='ltr'>sic</span> <span class='ocrx_word' id='word_1_301' title='bbox 926 3543 994 3585; x_wconf 94' lang='lat' dir='ltr'>non</span> <span class='ocrx_word' id='word_1_302' title='bbox 1016 3524 1080 3605; x_wconf 85' lang='lat' dir='ltr'>ipsa</span> 
     </span>
    </p>
   </div>
   <div class='ocr_carea' id='block_1_4' title="bbox 0 0 1190 4072">
    <p class='ocr_par' dir='ltr' id='par_1_4' title="bbox 0 0 1190 4072">
     <span class='ocr_line' id='line_1_36' title="bbox 0 0 1190 4072; baseline 0 0"><span class='ocrx_word' id='word_1_303' title='bbox 0 0 1190 4072; x_wconf 95' lang='lat' dir='ltr'> </span> 
     </span>
    </p>
   </div>
  </div>
 </body>
</html>
