2370 4072
165 292 198 352 ¹4
569 272 674 317 CVLEx

161 454 359 517 conformare
380 455 487 515 locum
509 454 591 535 capit
611 453 753 533 impiger,
775 455 860 515 hunc
881 469 913 515 et
933 453 966 515 in
986 457 1088 516 orbem

161 549 308 626 destinat;
328 568 363 610 ac
385 548 457 609 ferri
478 547 627 626 capulum
647 548 789 627 repetivit
809 548 841 608 in
863 567 968 626 usum,

161 643 356 724 gramineam
378 642 432 723 [ut]
453 641 544 702 viridi
565 640 686 703 foderet
706 641 745 704 de
766 641 900 721 caespite
922 659 1050 720 terram;

161 739 224 799 iam
245 757 369 800 memor
388 736 549 816 inceptum
570 755 722 817 peragens
742 736 801 798 sibi
821 755 896 798 cura
916 737 1058 800 laborem

96 855 136 899 aas
161 848 348 912 congestum
369 831 542 894 cumulavit
562 850 652 911 opus,
672 847 766 912 atque
787 851 900 912 aggere
922 834 1026 895 multo

162 927 281 989 telluris
302 925 443 987 tumulus
463 925 635 987 formatum
656 926 751 988 crevit
770 925 803 987 in
824 929 945 988 orbem.

163 1041 259 1102 quem
281 1021 399 1083 circum
419 1019 558 1100 lapidem
578 1021 638 1082 levi
660 1021 698 1082 de
719 1039 877 1082 marmore
899 1021 1040 1083 formans

163 1115 306 1193 conserit,
328 1115 470 1177 assiduae
491 1134 583 1176 curae
604 1133 736 1176 memor.
776 1115 828 1177 hic
849 1130 879 1176 et
899 1118 1050 1178 acanthos

163 1225 192 1271 et
213 1229 284 1272 rosa
304 1229 502 1291 purpureum
523 1224 662 1271 crescent
683 1208 859 1271 rubicunda
879 1212 1062 1288 terrorem†

97 1327 137 1370 loo
163 1319 193 1365 et
213 1305 315 1367 violae
335 1324 435 1385 genus
456 1324 561 1381 omne,
582 1304 634 1365 hic
653 1319 699 1365 est
719 1319 749 1365 et
769 1303 909 1385 Spartica
931 1321 1050 1386 myrtus

163 1415 256 1481 atque
278 1400 465 1480 hyacinthos
486 1399 588 1461 ethic
610 1397 702 1460 Cilici
722 1418 833 1460 crocus
854 1399 956 1462 editus
977 1421 1058 1476 arvo,

163 1496 271 1557 laurus
291 1496 367 1557 item
388 1494 509 1556 Phoebi
529 1513 661 1574 surgens
682 1493 788 1570 decus,
814 1492 865 1554 hic
885 1494 1099 1576 rhododaphnt

162 1591 289 1672 liliaque
310 1606 340 1653 et
361 1591 439 1653 roris
461 1610 526 1651 non
546 1587 614 1650 avia
634 1608 709 1650 cura
729 1587 843 1648 marini

163 1686 324 1767 herbaque
344 1685 422 1747 turis
443 1704 519 1764 opes
540 1683 647 1764 priscis
668 1682 786 1744 imitata
807 1682 924 1745 Sabina

97 1802 137 1846 ruo
162 1781 410 1863 chrysantusque
431 1779 630 1859 hederaeque
651 1777 734 1839 nitor
754 1777 891 1856 pallente
912 1781 1062 1860 corymbo

163 1892 193 1938 et
213 1878 354 1939 bocchus
375 1875 493 1956 Libyae
514 1874 596 1955 regis
617 1891 749 1949 memor,
770 1870 822 1933 hic
842 1888 1020 1935 amarantus

165 1973 388 2050 bumastusque
408 1970 512 2031 virens
533 1984 563 2030 et
583 1987 706 2049 semper
726 1968 838 2031 florida
860 1968 967 2048 pinus;

164 2085 228 2126 non
249 2064 335 2127 illinc
356 2065 510 2126 narcissus
531 2066 626 2142 abest,
647 2063 711 2144 qui,
732 2061 833 2143 gloria
854 2061 984 2141 formae,

163 2160 236 2239 igne
256 2157 437 2239 Cupidineo
457 2157 603 2238 proprios
625 2157 735 2220 exarsit
755 2158 787 2221 in
808 2172 901 2234 artus,

97 2276 137 2319 410
163 2270 194 2315 et
214 2270 433 2334 quoscumque
454 2269 571 2313 novant
589 2253 751 2315 vernantia
771 2268 915 2333 tempora
935 2253 1041 2329 flores;

166 2349 214 2409 his
235 2347 377 2409 tumulus
397 2366 491 2428 super
511 2347 665 2423 inseritur,
686 2363 754 2410 tum
774 2350 878 2409 fronte
898 2348 1021 2409 locatur

164 2443 315 2523 elogium,
336 2441 427 2519 tacita
448 2441 563 2503 format
583 2442 670 2522 quod
689 2441 791 2504 littera
810 2461 903 2504 voce:

163 2541 267 2619 ‘parve
289 2538 388 2613 culex,
409 2536 569 2616 pecudum
589 2552 694 2599 custos
714 2537 771 2599 tibi
790 2537 850 2598 tale
871 2537 1005 2599 merenti

163 2631 282 2693 funeris
303 2631 445 2694 officium
466 2632 546 2693 vitae
567 2650 626 2712 pro
646 2651 779 2694 munere
798 2631 919 2694 reddit'.

214 2841 253 2888 393
261 2837 287 2874 ut
297 2843 336 2872 ons
363 2829 571 2887 399rubibundaB
601 2841 641 2882 40⁰
650 2841 721 2875 omne
730 2843 804 2887 genus
835 2840 965 2882 aorcrosus
990 2839 1034 2880 402
1044 2825 1099 2870 decu

164 2911 260 2955 surgens
307 2909 347 2955 403
360 2897 421 2942 rosis
468 2901 508 2950 408
522 2897 560 2942 cui
606 2909 645 2950 412
662 2898 730 2943 firma
787 2896 904 2943 'Libellus
917 2896 964 2951 Qui
979 2896 1099 2941 Nominum!

163 2967 238 3013 Culex
252 2966 327 3012 Publii
341 2964 431 3023 Virgilii
444 2965 495 3011 finit
