2370 4072
152 295 174 354 4
562 274 668 320 Cl'LEll

155 457 201 518 illi
221 457 300 518 falce
321 457 399 517 deus
419 457 542 527 colitur,
563 476 628 518 non
648 473 712 517 arte
733 459 860 536 politus.

155 553 207 614 ille
228 552 304 614 colit
324 553 423 626 lucos,
442 551 488 611 illi
508 552 664 612 Panchaia
683 567 753 612 tura

155 646 287 709 floribus
306 662 441 726 agrestes
462 647 577 706 herbae
597 647 789 707 variantibus
809 648 937 711 adsunt:

156 743 202 804 illi
221 742 322 803 dulcis
341 741 428 801 adest
448 741 572 820 requies
595 757 625 802 et
645 761 724 822 pura
743 742 897 822 voluptas,

104 858 132 902 so
156 838 265 913 libera,
283 835 480 916 simplicibus
499 836 597 898 curis:
617 839 681 899 huc
701 839 854 911 imminet,
873 839 978 900 omnis

158 931 271 1012 derigit
290 931 353 992 huc
372 950 491 1006 sensus,
512 933 589 994 haec
609 952 684 994 cura
705 949 750 994 est
769 933 894 993 subdita
914 934 1012 1009 cordi,

158 1026 301 1106 quolibet
321 1040 357 1086 ut
376 1027 485 1107 requie
504 1027 589 1088 victu
610 1044 776 1089 contentus
795 1028 936 1089 abundet

157 1120 362 1201 iucundoque
382 1121 456 1200 liget
476 1121 656 1200 languentia
676 1141 809 1202 corpora
831 1142 954 1183 somno

158 1237 179 1279 o
199 1215 346 1296 pecudes,
366 1235 387 1276 o
408 1215 508 1275 Panes
528 1230 599 1276 eto
619 1216 793 1295 gratissima
812 1232 916 1297 tempe

106 1332 134 1376 aa
159 1311 254 1373 fontis
275 1309 544 1390 Hamadryadum,
565 1330 700 1390 quarum
721 1331 787 1372 non
808 1312 902 1372 divite
923 1312 1010 1373 cultu

159 1405 303 1468 aemulus
320 1409 460 1466 Ascraeo
480 1421 586 1485 pastor
604 1405 665 1467 sibi
685 1406 819 1487 quisque
839 1422 950 1487 poetae

158 1519 302 1562 securam
322 1499 447 1580 placido
467 1500 601 1561 traducit
621 1515 747 1579 pectore
767 1502 872 1562 vitam.

217 1596 350 1657 Talibus
370 1595 404 1656 in
421 1595 532 1656 studiis
553 1597 666 1656 baculo
688 1597 766 1657 dum
787 1596 879 1656 nixus
898 1595 1018 1675 apricas

160 1706 267 1773 pastor
286 1690 349 1770 agit
369 1709 459 1751 curas
480 1705 510 1751 et
530 1689 608 1751 dum
629 1711 695 1751 non
715 1707 780 1751 arte
801 1709 915 1752 canora

95 1803 135 1849 100
160 1801 324 1868 compacta
343 1785 472 1848 solitum
492 1785 675 1847 modulatur
699 1785 874 1846 harundine
895 1803 1032 1859 carmen,

160 1882 260 1944 tendit
279 1881 439 1943 inevectus
460 1880 564 1942 radios
585 1879 777 1961 Hyperionis
798 1879 890 1941 ardor

160 1978 329 2058 lucidaque
350 1976 489 2038 aetherio
510 1977 600 2056 ponit
620 1976 801 2037 discrimina
821 1974 943 2035 mundo

163 2092 227 2152 qua
247 2071 318 2133 iacit
338 2070 504 2132 Oceanum
524 2071 667 2131 flammas
687 2070 720 2131 in
741 2086 911 2149 utrumque
932 2089 1073 2149 rapaces;

163 2182 194 2229 et
214 2167 277 2229 iam
298 2167 507 2247 compellente
527 2186 624 2244 vagae
644 2181 769 2245 pastore
789 2165 926 2244 capellae

98 2279 137 2323 tot
163 2262 227 2323 ima
247 2260 436 2323 susurrantis
456 2263 637 2339 repetebant
657 2259 697 2319 ad
716 2259 796 2320 vada
817 2258 975 2339 lymphae,

163 2377 243 2439 quae
264 2359 372 2418 subter
390 2355 523 2416 viridem
542 2354 720 2416 residebant
740 2354 863 2415 caerula
883 2370 1041 2413 muscum.

163 2452 226 2514 iam
246 2450 366 2512 medias
386 2469 520 2531 operum
540 2464 643 2531 partes
664 2464 790 2511 evectus
811 2463 876 2510 erat
896 2447 961 2517 Sol,

163 2567 237 2608 cum
258 2547 369 2607 densas
389 2561 494 2627 pastor
514 2546 650 2626 pecudes
671 2546 803 2624 cogebat
823 2542 856 2602 in
876 2543 1012 2601 umbras.

163 2656 199 2702 ut
219 2641 331 2721 procul
348 2641 466 2721 aspexit
485 2640 559 2701 luco
580 2640 715 2701 residere
735 2638 857 2715 virenti,

99 2750 139 2794 tto
164 2735 255 2796 Delia
274 2735 354 2813 diva,
375 2750 441 2812 tuo,
462 2755 527 2816 quo
549 2734 712 2814 quondam
731 2735 812 2796 victa
833 2733 937 2793 furore

163 2830 249 2892 venit
269 2829 449 2910 Nyctelium
470 2829 593 2909 fugiens
613 2829 760 2890 Cadmeis
781 2833 901 2908 Agaue,

164 2925 307 2988 infandas
327 2925 475 2987 scelerata
494 2943 607 2984 manus
628 2943 645 2984 e
666 2923 760 2984 caede
782 2937 919 2994 cruenta,

166 3040 247 3101 quae
267 3018 379 3100 gelidis
400 3019 548 3080 bacchata
568 3019 649 3099 iugis
670 3017 822 3098 requievit
842 3017 874 3077 in
895 3030 994 3093 antro,
1051 3038 1054 3043 ·

167 3115 320 3197 posterius
341 3134 478 3195 poenam
499 3114 563 3175 nati
583 3113 622 3176 de
643 3128 744 3175 morte
766 3113 875 3174 datura
896 3145 934 3154 -

103 3225 141 3269 ttt
167 3210 218 3272 hic
239 3211 332 3272 etiam
352 3208 444 3270 viridi
463 3209 607 3271 ludentes
628 3210 728 3270 Panes
752 3208 784 3269 in
806 3206 903 3267 herba

168 3319 199 3366 et
218 3305 319 3386 Satyri
339 3304 545 3386 Dryadesque
567 3304 681 3366 choros
702 3322 793 3384 egere
814 3300 937 3382 puellae

218 3476 245 3522 88
258 3476 335 3522 herbis
378 3490 402 3536 9¹
417 3477 494 3535 dirigit
538 3488 565 3534 9²
578 3476 683 3533 requiem
692 3474 768 3519 victus
787 3473 857 3526 (victu
872 3472 978 3524 excerpta)
1024 3469 1098 3527 931io

167 3544 276 3603 96poeta
321 3559 347 3604 97
364 3547 465 3591 traducit
484 3552 593 3597 ezcerpta:
610 3543 714 3588 traducis
756 3554 794 3586 too
813 3541 917 3586 solidum
959 3551 994 3595 103
1015 3551 1098 3582 oceani

170 3625 206 3658 tta
220 3621 243 3658 et
281 3625 317 3667 1¹4
333 3615 380 3659 nati
393 3629 418 3659 se
432 3621 507 3659 morte
520 3614 623 3658 futuram
