2370 4072
400 219 404 226 '
423 221 471 267 -AD
487 221 513 268 V.
526 234 630 280 300·30⁴
979 226 1016 305 93

27 421 142 464 omnes
176 401 299 464 criticos
328 401 402 464 inde
427 423 451 464 av
469 403 593 465 Bembo
624 403 683 464 sibi
713 403 910 484 persuasisse,
942 424 1016 467 cunt

27 496 215 578 praesertim
242 496 311 577 ipse
341 517 446 559 sermo
477 497 640 577 utriusque
671 498 721 559 hic
750 497 905 560 nominati
932 513 1016 561 certa

28 593 118 673 signa
143 594 302 673 praebeat.
346 591 470 655 adridet
490 591 552 654 hac
575 592 696 654 advenas
719 592 819 655 socias
841 592 879 654 de
903 593 1016 675 gloria

30 687 123 751 sortes
143 686 227 749 alter
247 685 279 748 in
299 685 464 759 excessumj
485 687 517 748 in
542 687 589 748 his
610 687 661 748 vix
682 687 896 750 oblitteratum
917 690 1016 752 estin

31 797 201 854 excessum
231 781 410 843 restitutum
441 784 480 843 ab
508 781 590 843 Italis
619 790 648 844 le
673 802 731 863 pro
756 781 803 855 de,
834 800 927 864 atque
953 785 1015 847 hoc

35 877 162 958 quidem
193 876 384 951 necessario,
421 876 681 957 quandoquidem
711 877 808 951 alter,
842 899 907 960 quo
941 900 1015 942 casu

35 966 171 1052 pusitum
191 986 238 1033 est
257 991 446 1052 pronomen,
468 971 675 1052 compellatur
695 972 826 1035 aculice
841 975 892 1036 vel
908 973 1015 1054 poeta}

38 1069 166 1130 alterum
187 1083 297 1128 autem
321 1066 413 1128 illum
439 1066 526 1146 quod
545 1065 646 1129 sociat
663 1065 775 1146 glemu
794 1069 898 1142 sortes,
919 1070 1016 1133 inter·
1064 1095 1067 1101 ·

39 1161 181 1245 rogamus
202 1162 332 1244 quicum
352 1161 459 1239 societ,
484 1180 588 1241 neque
609 1161 695 1222 aliud
716 1162 806 1224 datur
826 1182 1014 1244 responsum

41 1277 128 1338 quarn
154 1277 230 1321 cum
255 1273 338 1319 sorte
359 1255 479 1319 dvenu
499 1255 554 1337 qui
574 1255 662 1336 prior
681 1257 863 1319 nominatus
886 1258 1014 1338 assidet;

41 1354 106 1416 alter
119 1368 229 1416 autem
242 1351 323 1414 Aiax
337 1367 391 1429 est,
405 1351 570 1413 nobilitate
585 1351 751 1430 secundus,
766 1351 853 1432 prior
866 1352 1014 1416 Achilles

42 1445 65 1508 in
83 1447 149 1509 istis
173 1445 271 1528 igitur
284 1447 387 1508 verbis
400 1444 525 1509 adsidet
534 1445 595 1508 hac
607 1445 737 1519 advenis,
756 1446 858 1509 sociat
868 1456 896 1510 te
904 1447 1016 1528 ghria

40 1538 132 1616 sortis,
147 1541 230 1604 alter
242 1541 474 1622 intellegendus
488 1555 534 1602 est
549 1555 620 1621 post
634 1540 775 1603 addenem
789 1541 866 1602 alter
879 1541 1015 1616 iuvenes,-

10 1672 13 1727 !
41 1637 119 1716 quod
144 1652 274 1717 poetam
298 1637 342 1697 sic
366 1635 503 1698 voluisse
531 1655 596 1716 quo
617 1635 731 1697 certius
754 1651 910 1716 appareat,
938 1655 1014 1698 con-

10 1750 14 1821 Ξ,
40 1731 121 1807 rinuu
133 1740 172 1802 ‘vt
186 1732 244 1792 322·
263 1732 297 1793 in
317 1731 429 1794 eadent
447 1749 480 1792 re
495 1730 606 1792 eadem
620 1729 718 1792 utitur
731 1729 845 1810 figura:
865 1729 923 1793 hos
941 1740 1015 1792 erat
1026 1747 1066 1792 sat

10 1832 13 1891 Ξ
38 1825 186 1888 Aeacides
208 1825 295 1888 vultu
320 1825 454 1888 laetatm
477 1825 623 1897 honores,
653 1823 903 1904 Dardamueque
933 1821 1016 1886 alter

10 1948 12 1953 ·
32 1918 111 1997 fiuo'
131 1919 219 2001 quod
242 1921 397 2002 sanguine
423 1921 542 2002 campis
567 1941 593 1982 e.
612 1940 641 2000 q.
661 1940 684 1980 s.
710 1919 767 1981 ubi
792 1918 852 1980 nisi
879 1917 1015 1981 alterum

36 2013 216 2077 Aeaciden?
230 2014 401 2095 intellegas,
432 2030 544 2096 poetae
575 2029 715 2077 mentem
745 2033 810 2076 non
840 2012 1015 2094 assequaris

36 2108 80 2183 (cf.
102 2108 391 2191 Hauptiusupusc.
413 2110 440 2187 3,
461 2110 526 2188 73);
550 2109 601 2171 hic
622 2125 729 2171 autem
748 2108 831 2171 alter
846 2128 908 2189 ¹pro
928 2107 1015 2183 vultu

33 2219 101 2283 post
122 2205 282 2268 Bembum
299 2205 451 2282 scribunt,
477 2204 541 2266 illic
562 2205 671 2268 omnia
691 2203 801 2266 tradita
821 2222 938 2283 susque
959 2202 1014 2264 de-

33 2315 91 2379 que
113 2298 243 2360 habent.
283 2299 376 2378 plane
397 2298 539 2361 eiusdem
559 2299 683 2380 generis
708 2314 753 2360 est
773 2319 802 2360 v.
820 2301 875 2378 345
896 2298 1013 2361 Nereis
1025 2313 1066 2359 ³45
1096 2374 1098 2378 Ι

31 2392 70 2455 ub
89 2391 178 2455 unda
196 2391 291 2474 signa
311 2392 415 2467 dabat,
430 2395 514 2474 pars
531 2394 658 2475 tustexa'r
675 2402 858 2475 superacta
878 2392 1014 2458 carmes:

30 2486 48 2549 i.
67 2486 93 2550 e}
126 2507 197 2568 pars
223 2487 406 2550 Nereidum.
457 2489 560 2550 statim
584 2489 681 2570 igitur
703 2491 742 2550 ab
766 2487 899 2550 Achillis
924 2507 1014 2564 men·

29 2582 116 2645 tione
136 2582 177 2642 'ad
197 2580 328 2643 Aiacem
347 2582 496 2660 trahitur;
523 2583 695 2646 consociati
714 2599 787 2645 sunt
807 2583 840 2645 in
853 2581 1013 2644 excessum

28 2680 66 2755 (v.
91 2677 134 2738 a'd
159 2677 242 2755 288),
278 2679 352 2738 narn
383 2694 515 2758 uterque
550 2697 727 2758 paucorum
759 2677 882 2740 dierum
912 2676 1012 2758 spatio

27 2770 149 2834 mortui
167 2771 256 2848 jsu'nt.
285 2771 369 2852 ¹ipsa
394 2789 501 2836 autem
516 2773 626 2853 gloria
651 2773 755 2835 Aiacis
788 2775 868 2834 bene
893 2771 1012 2833 factum
1079 2845 1080 2849 Ἰ

26 2865 124 2930 r'efe'rt
143 2869 184 2942 (v.
198 2865 239 2927 ad
251 2867 298 2945 37)
320 2867 494 2929 maximum
515 2868 603 2946 illud,
625 2887 698 2929 cum
718 2867 827 2948 ignem
845 2862 1011 2927 anavibus

27 2959 178 3024 defendit.
220 2960 517 3024 cuius'telationem
537 2961 725 3042 repetiturus
751 2976 790 3023 ete
804 2957 1011 3022 exomaturu's

26 3056 206 3136 (3047—321)
221 3055 312 3117 culex
328 3055 442 3117 eodem
456 3055 680 3118 v'erbo'utitur:
700 3073 719 3116 o
732 3053 802 3135 quis
814 3074 875 3117 non
883 3051 1015 3134 'desidat
1023 3071 1064 3120 uu

25 3150 100 3214 tales
120 3148 273 3213 'divortzu
302 3148 393 3223 'belli;
416 3153 501 3213 'nant
536 3151 575 3211 de
606 3150 757 3212 Italorum
790 3147 1010 3211 emendatione

24 3244 97 3321 (tali
108 3277 149 3290 -
164 3242 263 3305 belles
277 3243 455 3324 antiquitus
474 3244 633 3322 traditum)
665 3243 800 3304 dubitari
825 3262 892 3304 non
910 3243 1010 3324 'pusse

23 3340 168 3414 videtur,
197 3337 318 3417 etiamsi
341 3338 465 3400 facilius
489 3338 529 3399 sit
553 3338 693 3400 divortiis
722 3338 803 3416 (diae
827 3336 1012 3400 in'1diversa

22 3434 181 3510 tendentes
203 3433 451 3511 scholiun<Aen.‘
466 3453 497 3511 9,
520 3435 585 3512 377)
604 3431 805 3494 'substituere
823 3430 1012 3494 ‘discrimina

21 3549 142 3612 quarn·
154 3530 229 3608 apto
260 3528 411 3609 exemplo*
421 3527 585 3589 'vocabuli
598 3573 600 3577 ,
614 3525 762 3588 auda'ctet
775 3526 886 3608 :positi
917 3526 1011 3593 usu‘m

1051 3712 1124 3808 Δ
