2370 4072
143 287 181 350 30
499 285 760 333 COMMENTARIVS

141 466 241 550 χορὸν
267 466 301 544 ἐξ
327 467 495 542 Ἑλικῶνος
520 467 631 532 ἐλθεῖν
655 470 701 544 εἰς
730 467 811 550 ἐμὸν
839 459 918 554 ἦτορ
947 469 1118 553 infixerat

141 561 234 625 εἵνεκ’
249 560 373 646 ἀοιδῆς.

62 685 128 733 runt
220 665 296 727 Post
326 665 495 727 Phoebum
525 663 696 745 Musasque
726 686 755 727 v.
776 684 815 727 20
843 664 983 729 advocat
1015 669 1118 731 Palem

26 3684 87 3832 ὶ

141 758 189 822 ad
203 781 300 841 quam
313 767 447 823 venum
460 758 602 821 recurrit
611 767 775 840 agrestum
788 759 871 822 bona
882 779 1012 824 secura.
1054 781 1118 844 quat

139 857 237 916 verba
253 855 371 937 duplici
384 853 562 933 corruptela
575 853 728 916 laborant
762 853 983 934 nequeenim,
1000 867 1118 920 venturu

141 949 223 1012 bcua
235 950 261 1011 si
275 966 419 1013 tenemus
439 948 488 1026 (cf.
504 968 529 1009 e.
544 968 573 1029 g.
595 948 662 1010 Cic.
676 949 814 1026 Tusc.4.
833 967 868 1026 ¹4
886 948 996 1028 ορριτο
1010 960 1118 1013 vertum

141 1043 221 1117 brui,
237 1045 329 1126 Prop.
345 1065 368 1117 1,
379 1066 407 1124 9,
423 1044 456 1105 18
469 1042 596 1106 venturi
599 1043 712 1124 prirua
711 1040 835 1123 fauilla
844 1041 929 1104 mali
935 1060 974 1106 ut
984 1045 1118 1108 Lucanus

142 1155 169 1216 7,
189 1141 256 1214 1053
277 1139 351 1200 Stat.
366 1139 432 1200 silv.
443 1157 472 1218 4,
485 1157 514 1218 4,
528 1138 562 1200 81
586 1138 693 1200 uirum
706 1146 839 1199 vmtrcra
847 1146 1009 1220 propago,
1031 1140 1118 1201 Theb.

147 1251 190 1310 12,
210 1250 249 1310 74
268 1232 347 1294 Ach.
374 1255 396 1311 1,
417 1234 474 1312 267
494 1232 649 1296 uenientia
663 1231 797 1314 gaudie,
819 1232 913 1314 Verg.
929 1236 1015 1295 Aen,
1030 1236 1058 1311 3,
1079 1232 1118 1295 158

140 1335 287 1389 ucumros
306 1331 445 1409 nepotes),
466 1343 520 1390 aut
540 1327 681 1390 recurrit
697 1343 752 1389 aut
769 1346 882 1390 secura
900 1329 1008 1390 teneri
1022 1342 1117 1410 potest

143 1438 246 1499 neque
260 1420 286 1481 si
300 1440 374 1484 cum
387 1423 545 1504 plerisque
559 1421 640 1485 burra
653 1421 747 1484 turba
760 1423 810 1483 vel
826 1441 907 1502 quae
923 1421 1118 1505 eiusgenerit

141 1529 216 1575 sunt
225 1517 465 1592 substituuntur,
478 1518 583 1598 priore
593 1532 647 1578 aut
656 1516 755 1579 altero
765 1536 857 1578 versu
868 1519 1019 1597 procedit
1027 1534 1116 1582 sermo

143 1625 329 1673 metrumve.
368 1627 463 1692 atque
487 1612 576 1693 quod
596 1611 808 1673 Buechelerus
828 1631 866 1673 ex
882 1608 1117 1676 Helmstadienti

143 1704 266 1785 partim,
287 1706 401 1787 partim
423 1726 461 1768 ex
482 1706 638 1769 Vossiano
659 1706 825 1787 adsumpta
850 1705 989 1770 lectione
1011 1705 1116 1790 scripsit

143 1799 191 1862 ad
214 1820 310 1882 quarn
338 1811 473 1865 ventura
501 1808 673 1863 recurrunt
701 1808 864 1880 agrestum
896 1799 981 1864 bona
1005 1805 1114 1884 finire,

143 1895 252 1957 nescio
285 1913 325 1957 an
359 1897 531 1958 sententiae
564 1915 627 1958 non
660 1914 771 1957 omnes
811 1914 962 1958 numeros
997 1899 1112 1980 expleat

142 1990 260 2051 scilicet
280 1989 320 2050 ad
343 1989 450 2050 Palem
472 1990 558 2070 quod
578 2006 672 2071 poeta
696 2010 729 2051 se
750 1989 913 2067 convertit,
939 1992 1008 2054 eius
1033 1994 1076 2056 rei
1090 1991 1113 2052 iu

144 2083 307 2145 enuntiato
329 2082 515 2163 interposito
541 2086 679 2167 aliquam
699 2084 854 2146 rationem
874 2085 967 2148 reddi
988 2101 1112 2170 expects

144 2197 229 2253 mus;
256 2177 385 2257 qualem
410 2180 597 2241 sententiam
623 2200 696 2242 cum
721 2180 753 2241 in
780 2180 828 2241 his
848 2170 952 2243 verbis
973 2183 1022 2245 ad
1036 2194 1118 2264 quart.

143 2269 284 2333 recurrit
301 2281 465 2352 agrestum
484 2273 564 2336 bona
578 2310 615 2320 —
631 2275 811 2337 incohatam
824 2273 960 2354 videam,
982 2275 1059 2339 haec
1070 2290 1110 2356 po

143 2365 301 2427 tissimum
321 2368 445 2429 tenebo.
492 2369 555 2431 iam
581 2381 615 2432 ut
641 2370 778 2452 perfecta
803 2369 856 2430 fiat
881 2389 919 2430 ex
945 2371 1110 2453 imperfect

145 2460 255 2538 orati0,
296 2462 522 2541 praevenimur
562 2464 602 2525 ad
640 2465 749 2526 locum
788 2463 893 2525 statim
933 2479 1109 2548 sequentem,

143 2554 308 2634 splendide
330 2573 517 2619 exornatum
538 2558 630 2621 illum
643 2559 683 2621 ad
697 2560 920 2647 georgicorum
937 2561 1118 2644 exemplum.

145 2649 184 2711 de
215 2650 374 2714 fortunata
402 2652 465 2714 vita
495 2669 657 2733 pastorum
690 2653 725 2715 58
746 2673 805 2734 sq.:
835 2673 853 2715 0
883 2653 966 2716 burra
990 2648 1110 2737 pasuri

145 2754 177 2806 e.'
193 2765 225 2826 q.
245 2767 283 2824 s.;
319 2746 359 2808 ad
390 2748 499 2810 Palem
530 2747 625 2835 igitur
659 2747 789 2809 recurrit
818 2748 873 2828 qui
908 2749 1050 2813 dicturus
1078 2756 1110 2810 est

144 2840 313 2921 agrestium
336 2843 428 2904 bona.
469 2843 654 2904 sententiam
676 2842 940 2923 recuperavimus,
966 2839 1113 2908 devertis

145 2935 365 2998 dubitandum.
418 2954 531 2998 secura
564 2952 670 2998 autem
703 2936 893 3021 adiectivum
926 2938 1029 3003 eicere
1060 2950 1112 3001 non

145 3029 345 3109 sustinemus,
367 3044 403 3091 ut
423 3031 511 3110 quod
525 3031 618 3092 nimis
631 3046 702 3111 apte
715 3051 749 3092 se
763 3031 935 3114 coniungat
947 3053 1022 3098 cum
1036 3029 1115 3107 bon'r

145 3124 326 3204 agrestium,
341 3145 422 3206 quae
436 3126 541 3187 statim
551 3140 644 3206 poeta
658 3125 740 3188 dicat
753 3125 910 3206 r'ucoguita
923 3124 1114 3206 turriluliol·

145 3218 360 3299 periclitamur
379 3219 474 3300 igitur
494 3220 708 3282 coniecturam
728 3221 936 3284 audaciorem¹
953 3243 1049 3304 quam
1066 3230 1117 3302 pro

146 3312 241 3373 huius
261 3314 406 3376 carminis
427 3315 610 3396 integritate,
634 3315 792 3397 scripsisse
812 3331 939 3397 poetam
964 3319 1013 3382 cd
1031 3322 1117 3400 quati

143 3426 258 3470 secura
275 3409 415 3471 recurrit
431 3419 594 3489 agrestum
614 3409 695 3473 bona
713 3410 854 3474 dicturus
859 3436 869 3488 ,·
888 3432 993 3494 neque
1007 3411 1116 3491 impro‘

147 3501 250 3563 babile
276 3517 321 3563 est
348 3504 393 3566 sic
418 3520 519 3566 ortam
547 3525 613 3567 esse
640 3510 859 3587 corruptelam,
890 3523 926 3570 ut
953 3524 1064 3570 scutra
1082 3500 1116 3562 i¹¹

145 3604 280 3658 uentura
299 3597 406 3672 abiret,
430 3598 543 3661 deinde
563 3618 676 3662 secura
692 3599 733 3661 -in
754 3601 895 3682 margine
916 3602 1115 3685 apponeretur
