2370 4072
108 256 146 333 96
468 239 726 298 cosrsruurmu'vs

108 434 225 496 saevire
246 448 373 514 possent
394 452 451 494 nec
471 450 594 494 nocere.
635 430 672 493 cf.
687 430 762 493 Stat.
776 431 857 493 Ach.
874 452 897 516 1,
910 432 979 511 435·
985 432 1083 513 pigris
1117 461 1128 498 ι

108 529 230 592 addrent
255 527 453 590 mucronibus
482 527 560 588 iras.
614 545 717 606 neque
750 540 857 588 tamen
889 546 1017 589 necesse
1046 541 1083 588 est
1115 557 1127 593 ς

109 624 222 703 corrigi
242 632 274 684 et
290 623 396 703 ipsas„
410 640 484 681 nam
504 621 604 702 ipsam
624 620 711 682 Idam
732 639 806 682 cum
826 620 892 703 suis
913 621 1082 702 conspirare
1113 700 1120 709 ὁ

109 720 141 781 in
153 719 348 782 Graecorum
363 716 493 778 exitium
507 715 593 796 gravi
607 713 762 778 sermonis
775 714 877 795 figura
886 717 1082 796 pronuntiare
1113 745 1127 786 ῃ

111 829 203 895 poeta
218 811 325 874 voluit.
362 826 465 872 totum
480 810 644 890 negotium
658 810 803 872 Homero
816 809 967 890 ignotum
982 811 1081 891 (0718
1111 838 1127 882 ἐ

111 913 211 973 οἴσετε
234 909 309 991 reip)
337 926 402 967 non
428 906 532 986 inepte
557 904 671 967 adiecit
695 904 745 966 vel
770 904 890 966 Culicis
917 907 969 967 vel
999 906 1082 969 inter·
1111 916 1127 977 ἐν

57 1015 97 1060 ert
110 1002 224 1064 cedens
255 1000 367 1080 aliquis
397 1017 498 1081 poeta.
553 1020 581 1061 v.
602 1001 660 1079 314
688 998 762 1060 inde
792 1019 810 1060 a
839 1001 965 1062 Bembo
998 1019 1081 1063 nemo
1110 1031 1127 1071 μ

108 1112 231 1178 praeter
251 1095 399 1156 Vossium
431 1110 460 1156 et
490 1094 635 1156 Ellisium
666 1095 695 1172 (l.
716 1115 739 1156 s.
760 1112 789 1175 p.
811 1095 879 1174 282)
910 1095 1080 1177 intellegere
1110 1125 1127 1183 ³.ss

108 1190 208 1252 voluit
244 1191 321 1270 quid
357 1206 436 1253 esset
461 1189 604 1271 stemma
636 1189 834 1263 lacrimante,
867 1189 922 1252 ille
959 1190 1081 1253 coniecit
1109 1216 1127 1263 μ

108 1296 286 1365 superante,
317 1286 454 1366 Scaliger
484 1304 549 1346 non
579 1298 664 1346 recta
690 1284 810 1347 ratione
837 1283 980 1348 defendit
1005 1284 1081 1361 lacri-
1109 1300 1127 1358 *j

109 1395 263 1457 mantem,
299 1380 361 1441 iam
398 1389 561 1461 tamquam
598 1395 719 1441 certum
754 1397 789 1442 ac
824 1400 938 1442 verum
973 1382 1081 1443 obtinet
1109 1393 1127 1453 ’χ

99 1473 428 1555 stemmaflagrante;
446 1474 577 1538 Vossius
592 1474 681 1555 quod
697 1491 780 1537 recte
795 1474 887 1537 vertit
900 1474 935 1538 in
948 1476 1081 1557 triipfeletss
1110 1506 1126 1519 ··

108 1570 166 1632 der
186 1570 338 1643 Flamme,
366 1570 399 1631 id
423 1570 581 1632 ‘audacius
608 1570 727 1634 dictum
751 1570 928 1634 videbatur‘
955 1572 1081 1654 Silligio;

109 1666 198 1748 quasi
224 1686 300 1727 vero
331 1685 397 1727 non
423 1662 626 1727 lacrimentur
649 1664 815 1746 flagrantes
845 1665 954 1747 piceae
985 1667 1083 1730 taedae
1112 1680 1126 1736 j

109 1777 163 1823 aut
188 1780 254 1823 non
281 1760 446 1841 proprium
473 1761 511 1822 sit
538 1760 658 1821 resinae
684 1760 877 1822 vocabulum
905 1761 1036 1825 Graecis
1060 1775 1084 1823 et

57 1868 97 1913 315
110 1856 228 1919 Latinis
259 1856 413 1918 lacrimae.
444 1890 482 1901 -
513 1874 587 1918 cum
617 1855 706 1935 igne
724 1854 983 1935 adgredientibus
1013 1858 1085 1919 Aiax
1112 1888 1126 1924 ‘t

109 1963 182 2015 erat
199 1951 352 2034 oppositus
375 1959 483 2012 contra
509 1947 681 2029 obiectuque
710 1982 740 1992 -
759 1947 857 2012 debat
879 1949 977 2030 clipeo
997 1952 1088 2014 certe·
1114 1977 1116 1987 ·

109 2048 205 2119 mina,
240 2047 294 2108 ubi
323 2066 386 2126 qua
416 2044 597 2107 necessitate
626 2043 698 2104 vel
711 2042 904 2106 Schraderus
934 2046 1088 2129 scripserit
1119 2075 1126 2108 t

109 2142 160 2203 vel
180 2156 251 2222 post
271 2140 429 2220 Silligium
456 2151 568 2202 omnes
587 2137 762 2218 receperint
788 2148 874 2202 conto
898 2159 960 2222 pro
986 2151 1089 2205 centra
1124 2166 1126 2171 ’

110 2249 176 2303 non
200 2236 303 2313 vide0‚
324 2255 427 2315 neque
448 2235 534 2297 enim
554 2249 608 2296 aut
631 2234 748 2315 respuit
768 2233 903 2296 latinitas
922 2214 1122 2316 opponitem

111 2339 228 2401 contra,
259 2329 359 2391 immo
389 2345 472 2391 amat
501 2330 589 2392 talia:
624 2339 711 2392 retro
740 2329 861 2403 redire,
888 2330 998 2394 subter
1024 2331 1123 2395 sud

111 2425 193 2496 dere,
219 2433 326 2485 contra
351 2425 401 2486 vel
426 2423 549 2487 alvum
568 2423 702 2502 obstare,
726 2424 884 2497 obsistere,
914 2444 949 2486 se
968 2426 1090 2506 efferre,

111 2534 164 2580 aut
194 2518 356 2599 probabile
387 2534 432 2581 est
463 2534 557 2581 conto
585 2534 780 2603 pugnantem
804 2519 935 2599 Aiacem
966 2518 1019 2582 hic
1049 2519 1092 2581 fe·

110 2614 188 2675 cisse
218 2630 359 2693 poetam,
391 2613 505 2675 deinde
539 2615 617 2693 (320)
646 2613 729 2676 ferro
760 2614 842 2676 laces
870 2614 1090 2696 depellentem.

110 2708 195 2791 apud
227 2709 406 2771 Homerum
433 2708 572 2788 ‚quidem
597 2709 701 2790 priore
730 2710 803 2772 loco
835 2711 878 2788 (0
899 2710 973 2790 677)
1003 2711 1090 2794 νώμα

110 2803 227 2883 ξυστὸν
241 2809 324 2888 μέγα
340 2804 508 2886 ναύμαχον
522 2804 557 2868 ἐν
574 2803 772 2892 παλάμῃσιν,
794 2805 907 2867 deinde
922 2825 999 2869 vero
1015 2797 1092 2888 (730)

109 2899 195 2982 ’ἔγχὲι
221 2901 283 2977 cei-,si
314 2897 433 2985 Τρῶας
449 2899 550 2978 ἄμυνε
573 2903 663 2975 νεών,
693 2900 782 2974 ὅστις
804 2902 898 2985 φέροι
924 2895 1090 2986 ἀκάματον

110 2985 177 3080 πῦρ
205 2990 358 3074 (742²sq.),
383 2991 463 3068 sed,m
473 2991 499 3052 si
525 2994 564 3053 ab
586 3012 652 3053 uno
678 2992 856 3074 eodemque
879 2993 1023 3074 diversae
1044 3001 1090 3059 rei

110 3101 280 3167 venerunt,
295 3103 376 3176 certe
397 3088 588 3168 procedente
613 3107 729 3167 pugna,
754 3087 806 3149 hic
826 3085 945 3169 clipeus
960 3090 1092 3155 obtectus

111 3202 142 3248 et
162 3186 297 3265 ferrum
327 3183 427 3268 unum
457 3184 548 3245 illum
578 3182 741 3264 pugnandi
765 3183 909 3266 modum
943 3184 1088 3248 indicant

32 3280 309 3351 ataminterc'edunt
337 3293 441 3344 autem
465 3278 538 3340 duo
568 3278 713 3341 versiculi
741 3279 805 3340 318.
830 3279 946 3358 319‚a
927 3282 1090 3362 aquibus

111 3376 260 3456 equidem
290 3393 420 3445 manum
444 3374 595 3442 abstineo.
646 3388 773 3457 apparet
804 3372 888 3458 enim
919 3375 1088 3457 archetypo

11 3545 15 3553 Ι
110 3484 292 3531 nostrorum
319 3467 465 3545 codicum
491 3469 555 3531 vim
581 3449 889 3556 aliquamnocuisse
910 3471 947 3532 ⁴et
966 3471 1088 3552 gravius¹
1120 3470 1124 3477 ’

112 3563 240 3642 quidem
260 3583 356 3644 quam
376 3563 643 3648 factum-vidimus
657 3586 685 3626 v.
697 3569 738 3643 '27'
753 3578 782 3625 et
797 3563 863 3644 281,
873 3565 956 3636 'licet'
975 3567 1087 3630 eodem
