2536 4200
95 1097 265 1212 Lusimus,
286 1133 406 1212 Octavi,
426 1132 534 1214 gracili
554 1131 738 1194 modulante
758 1131 880 1212 Thalia,

36 1244 122 1311 atque
142 1244 173 1290 ut
192 1227 332 1290 araneoli
351 1243 479 1290 tenuem
500 1225 705 1289 formavimus
726 1245 850 1305 orsum;

35 1325 174 1386 lusimus:
194 1323 272 1384 haec
293 1337 422 1403 propter
442 1321 556 1384 culices
575 1322 637 1382 sint
658 1319 795 1383 carmina
816 1322 908 1385 docta

34 1417 131 1481 omnis
151 1431 180 1478 et
199 1415 345 1478 historiae
365 1435 422 1497 per
441 1415 554 1477 ludum
574 1431 727 1478 consonet
747 1415 826 1477 ordo

32 1512 218 1592 notitiaeque
239 1510 357 1571 ducum
376 1529 478 1572 voces.
518 1511 590 1573 licet
609 1510 734 1572 invidus
754 1511 847 1574 adsit:
1015 1533 1029 1576 s

31 1605 167 1689 quisquis
187 1604 245 1667 erit
265 1605 390 1685 culpare
410 1604 497 1668 locos
518 1624 704 1686 musamque
725 1622 861 1688 paratus,

29 1701 165 1783 pondere
185 1700 236 1762 vel
256 1697 364 1760 culicis
384 1699 484 1761 levior
504 1700 650 1781 famaque
673 1699 796 1762 feretur.

27 1796 179 1878 posterius
199 1793 342 1875 graviore
360 1814 440 1856 sono
460 1793 517 1856 tibi
538 1813 628 1855 musa
647 1794 796 1874 loquetur

27 1905 141 1967 nostra,
162 1889 282 1950 dabunt
303 1907 377 1949 cum
396 1883 523 1950 sciuros
544 1887 624 1948 mihi
642 1902 787 1970 tempora
809 1891 937 1972 fructus,

24 2000 60 2048 ut
79 1985 136 2046 tibi
157 1984 251 2064 digna
270 1998 327 2045 tuo
347 1982 506 2063 poliantur
526 1982 664 2044 carmina
684 2004 786 2046 sensu.
1003 2006 1028 2050 ω

83 2080 222 2141 Latonae
243 2076 413 2158 magnique
435 2077 516 2139 lovis
537 2078 633 2154 decus
653 2098 747 2145 aurea
766 2081 880 2161 proles,

20 2174 174 2236 Phoebus
195 2172 252 2234 erit
272 2171 370 2232 nostri
389 2171 534 2252 princeps
555 2188 585 2234 et
605 2174 750 2235 carminis
770 2192 880 2239 auctor

19 2287 53 2330 et
72 2268 231 2330 recinente
252 2265 320 2346 lyra
341 2265 454 2346 fautor,
474 2267 538 2329 sive
559 2267 672 2330 educat
691 2269 782 2331 illum

17 2366 108 2423 Arna
130 2360 320 2424 Chimaereo
341 2359 459 2423 Xanthi
479 2362 605 2443 perfusa
624 2363 748 2444 liquore

15 2477 75 2518 seu
97 2457 195 2519 decus
215 2455 355 2518 Asteriae
375 2475 431 2517 seu
452 2476 515 2536 qua
535 2457 682 2519 Parnasia
701 2477 794 2539 rupes
1001 2479 1027 2522 15

13 2551 93 2613 hinc
114 2567 210 2632 atque
232 2550 306 2611 hinc
325 2550 432 2631 patula
452 2549 637 2631 praepandit
656 2570 775 2614 cornua
796 2553 898 2618 fronte

11 2645 240 2725 Castaliaeque
260 2665 375 2706 sonans
396 2643 517 2726 liquido
538 2644 619 2725 pede
638 2645 754 2708 labitur
774 2649 867 2712 unda.

11 2760 126 2821 quare,
149 2739 245 2801 Pierii
265 2738 363 2801 laticis
384 2727 489 2816 decus,
510 2738 562 2815 ite,
582 2759 706 2802 sorores

11 2835 145 2912 Naides,
169 2848 200 2895 et
220 2835 373 2895 celebrate
394 2833 490 2895 deum
509 2833 637 2896 ludente
658 2835 781 2899 chorea.

11 2945 42 2992 et
62 2945 111 3007 tu,
133 2944 243 2990 sancta
263 2929 361 3002 Pales,
382 2928 422 2990 ad
443 2948 538 3009 quam
559 2945 690 2991 ventura
709 2932 841 2993 recurrit
999 2949 1026 2992 ao

11 3039 181 3105 agrestum
201 3026 286 3085 bona
305 3039 451 3100 secura†‚
471 3023 510 3084 sit
530 3043 604 3084 cura
623 3025 757 3086 tenentis

11 3119 117 3181 aerios
140 3138 313 3180 nemorum
333 3118 434 3179 cultus
454 3117 609 3198 silvasque
629 3118 776 3181 virentes:

11 3234 36 3275 :e
60 3213 201 3275 cultrice
221 3233 319 3293 vagus
340 3212 434 3273 saltus
455 3212 540 3273 feror
559 3212 640 3273 lnter
660 3228 690 3274 et
709 3229 804 3276 antra.

11 3322 35 3368 et
57 3323 108 3379 tu,
132 3309 189 3369 cui
209 3307 326 3369 meritis
348 3305 447 3367 oritur
467 3305 582 3367 fiducia
602 3305 724 3386 chattis,

57 3519 179 3564 CVLEX
197 3518 299 3564 PVBLII
313 3519 441 3566 VIRGILII
460 3520 605 3569 MARONIS
624 3521 742 3570 INCIPIT
756 3526 804 3577 (ont.
814 3527 839 3579 B)
866 3538 972 3574 aureum

31 3588 128 3632 culicis
176 3600 201 3632 ro
220 3588 315 3645 dignate
334 3588 465 3647 spoliantur
505 3602 530 3644 14
547 3592 607 3636 alma
649 3603 671 3646 rs
686 3593 790 3651 astrigeri
829 3607 852 3640 21
867 3604 972 3643 tenentes

11 3663 112 3712 3astra

858 3791 888 3816 l*
929 3803 971 3820 ,ι

861 3819 908 3865 tr.»
