<?xml version="1.0" encoding="UTF-8"?>
<!DOCTYPE html PUBLIC "-//W3C//DTD XHTML 1.0 Transitional//EN"
    "http://www.w3.org/TR/xhtml1/DTD/xhtml1-transitional.dtd">
<html xmlns="http://www.w3.org/1999/xhtml" xml:lang="en" lang="en">
 <head>
  <title>
</title>
<meta http-equiv="Content-Type" content="text/html;charset=utf-8" />
  <meta name='ocr-system' content='tesseract 3.04.00' />
  <meta name='ocr-capabilities' content='ocr_page ocr_carea ocr_par ocr_line ocrx_word'/>
</head>
<body>
  <div class='ocr_page' id='page_1' title='image "./cvlexcarmenverg00verggoog_0120.png"; bbox 0 0 2528 4202; ppageno 0'>
   <div class='ocr_carea' id='block_1_1' title="bbox 430 265 1021 349">
    <p class='ocr_par' dir='ltr' id='par_1_1' title="bbox 430 265 1021 349">
     <span class='ocr_line' id='line_1_1' title="bbox 430 265 1021 349; baseline 0.008 -23"><span class='ocrx_word' id='word_1_1' title='bbox 430 265 475 311; x_wconf 66' lang='lat' dir='ltr'>AD</span> <span class='ocrx_word' id='word_1_2' title='bbox 490 265 516 310; x_wconf 91' lang='lat' dir='ltr'>V·</span> <span class='ocrx_word' id='word_1_3' title='bbox 530 266 634 326; x_wconf 78' lang='lat'>³⁸0·403</span> <span class='ocrx_word' id='word_1_4' title='bbox 969 290 1021 349; x_wconf 90' lang='lat'>107</span> 
     </span>
    </p>
   </div>
   <div class='ocr_carea' id='block_1_2' title="bbox 26 445 1100 3659">
    <p class='ocr_par' dir='ltr' id='par_1_2' title="bbox 28 445 1100 1475">
     <span class='ocr_line' id='line_1_2' title="bbox 31 445 1021 530; baseline 0.002 -22"><span class='ocrx_word' id='word_1_5' title='bbox 31 463 100 508; x_wconf 89' lang='lat' dir='ltr'>tum</span> <span class='ocrx_word' id='word_1_6' title='bbox 129 445 265 527; x_wconf 88' lang='lat' dir='ltr'>perficit.</span> <span class='ocrx_word' id='word_1_7' title='bbox 307 446 420 509; x_wconf 88' lang='lat' dir='ltr'>deinde</span> <span class='ocrx_word' id='word_1_8' title='bbox 446 448 608 510; x_wconf 90' lang='lat' dir='ltr'>tumulum</span> <span class='ocrx_word' id='word_1_9' title='bbox 635 447 785 510; x_wconf 91' lang='lat' dir='ltr'>consertis</span> <span class='ocrx_word' id='word_1_10' title='bbox 805 448 963 530; x_wconf 86' lang='lat' dir='ltr'>lapidibus</span> <span class='ocrx_word' id='word_1_11' title='bbox 983 469 1021 512; x_wconf 87' lang='lat' dir='ltr'>ex</span> 
     </span>
     <span class='ocr_line' id='line_1_3' title="bbox 31 541 1021 623; baseline 0.005 -22"><span class='ocrx_word' id='word_1_12' title='bbox 31 560 200 603; x_wconf 87' lang='lat' dir='ltr'>marmore</span> <span class='ocrx_word' id='word_1_13' title='bbox 227 541 379 604; x_wconf 83' lang='lat' dir='ltr'>dedolatis</span> <span class='ocrx_word' id='word_1_14' title='bbox 404 541 509 623; x_wconf 82' lang='lat' dir='ltr'>cingit.</span> <span class='ocrx_word' id='word_1_15' title='bbox 559 541 696 623; x_wconf 89' lang='lat' dir='ltr'>denique</span> <span class='ocrx_word' id='word_1_16' title='bbox 721 541 837 605; x_wconf 88' lang='lat' dir='ltr'>florum</span> <span class='ocrx_word' id='word_1_17' title='bbox 860 543 1021 606; x_wconf 86' lang='lat' dir='ltr'>variorum</span> 
     </span>
     <span class='ocr_line' id='line_1_4' title="bbox 30 634 1021 717; baseline 0.005 -21"><span class='ocrx_word' id='word_1_18' title='bbox 30 636 166 717; x_wconf 90' lang='lat' dir='ltr'>copiam</span> <span class='ocrx_word' id='word_1_19' title='bbox 193 635 225 696; x_wconf 90' lang='lat' dir='ltr'>ei</span> <span class='ocrx_word' id='word_1_20' title='bbox 247 634 355 698; x_wconf 90' lang='lat' dir='ltr'>inserit</span> <span class='ocrx_word' id='word_1_21' title='bbox 379 651 409 698; x_wconf 86' lang='lat' dir='ltr'>et</span> <span class='ocrx_word' id='word_1_22' title='bbox 433 636 466 700; x_wconf 90' lang='lat' dir='ltr'>in</span> <span class='ocrx_word' id='word_1_23' title='bbox 496 637 599 701; x_wconf 91' lang='lat' dir='ltr'>fronte</span> <span class='ocrx_word' id='word_1_24' title='bbox 629 637 756 700; x_wconf 92' lang='lat' dir='ltr'>titulum</span> <span class='ocrx_word' id='word_1_25' title='bbox 786 637 928 700; x_wconf 92' lang='lat' dir='ltr'>collocat.</span> <span class='ocrx_word' id='word_1_26' title='bbox 973 639 1021 701; x_wconf 90' lang='lat' dir='ltr'>in-</span> 
     </span>
     <span class='ocr_line' id='line_1_5' title="bbox 29 729 1022 814; baseline 0.003 -23"><span class='ocrx_word' id='word_1_27' title='bbox 29 747 167 811; x_wconf 89' lang='lat' dir='ltr'>ceptum</span> <span class='ocrx_word' id='word_1_28' title='bbox 189 729 331 792; x_wconf 87' lang='lat' dir='ltr'>laborem</span> <span class='ocrx_word' id='word_1_29' title='bbox 351 731 486 795; x_wconf 82' lang='lat' dir='ltr'>memori</span> <span class='ocrx_word' id='word_1_30' title='bbox 506 751 585 795; x_wconf 83' lang='lat' dir='ltr'>cura</span> <span class='ocrx_word' id='word_1_31' title='bbox 605 731 725 814; x_wconf 82' lang='lat' dir='ltr'>peragit</span> <span class='ocrx_word' id='word_1_32' title='bbox 739 732 816 812; x_wconf 86' lang='lat'>(394)</span> <span class='ocrx_word' id='word_1_33' title='bbox 837 752 903 813; x_wconf 93' lang='lat' dir='ltr'>quo</span> <span class='ocrx_word' id='word_1_34' title='bbox 917 732 1022 794; x_wconf 91' lang='lat' dir='ltr'>minus</span> 
     </span>
     <span class='ocr_line' id='line_1_6' title="bbox 29 824 1023 909; baseline 0.004 -23"><span class='ocrx_word' id='word_1_35' title='bbox 29 826 143 889; x_wconf 87' lang='lat' dir='ltr'>culicis</span> <span class='ocrx_word' id='word_1_36' title='bbox 174 824 320 888; x_wconf 91' lang='lat' dir='ltr'>convicio</span> <span class='ocrx_word' id='word_1_37' title='bbox 346 827 413 906; x_wconf 81' lang='lat'>(379</span> <span class='ocrx_word' id='word_1_38' title='bbox 432 825 510 888; x_wconf 77' lang='lat' dir='ltr'>haec</span> <span class='ocrx_word' id='word_1_39' title='bbox 527 825 693 890; x_wconf 70' lang='lat' dir='ltr'>zinmemor</span> <span class='ocrx_word' id='word_1_40' title='bbox 715 825 816 903; x_wconf 59' lang='lat' dir='ltr'>audo)</span> <span class='ocrx_word' id='word_1_41' title='bbox 843 827 957 909; x_wconf 90' lang='lat' dir='ltr'>dignus</span> <span class='ocrx_word' id='word_1_42' title='bbox 975 828 1023 890; x_wconf 87' lang='lat' dir='ltr'>vi-</span> 
     </span>
     <span class='ocr_line' id='line_1_7' title="bbox 29 919 1022 1002; baseline 0.002 -21"><span class='ocrx_word' id='word_1_43' title='bbox 29 921 157 998; x_wconf 86' lang='lat' dir='ltr'>deatur,</span> <span class='ocrx_word' id='word_1_44' title='bbox 181 919 300 1001; x_wconf 93' lang='lat' dir='ltr'>lapides</span> <span class='ocrx_word' id='word_1_45' title='bbox 322 920 422 983; x_wconf 87' lang='lat' dir='ltr'>caedit</span> <span class='ocrx_word' id='word_1_46' title='bbox 439 919 586 983; x_wconf 74' lang='lat' dir='ltr'>assiduae</span> <span class='ocrx_word' id='word_1_47' title='bbox 597 940 694 984; x_wconf 82' lang='lat' dir='ltr'>curae</span> <span class='ocrx_word' id='word_1_48' title='bbox 706 941 827 984; x_wconf 72' lang='lat' dir='ltr'>mernor</span> <span class='ocrx_word' id='word_1_49' title='bbox 841 921 928 1002; x_wconf 77' lang='lat'>(398),</span> <span class='ocrx_word' id='word_1_50' title='bbox 949 941 1022 984; x_wconf 88' lang='lat' dir='ltr'>nam</span> 
     </span>
     <span class='ocr_line' id='line_1_8' title="bbox 28 1014 1023 1097; baseline 0.002 -21"><span class='ocrx_word' id='word_1_51' title='bbox 28 1016 108 1078; x_wconf 88' lang='lat' dir='ltr'>haec</span> <span class='ocrx_word' id='word_1_52' title='bbox 131 1014 278 1077; x_wconf 85' lang='lat' dir='ltr'>maxime</span> <span class='ocrx_word' id='word_1_53' title='bbox 297 1014 454 1077; x_wconf 89' lang='lat' dir='ltr'>laboriosa</span> <span class='ocrx_word' id='word_1_54' title='bbox 474 1034 545 1096; x_wconf 90' lang='lat' dir='ltr'>pars</span> <span class='ocrx_word' id='word_1_55' title='bbox 566 1015 669 1097; x_wconf 90' lang='lat' dir='ltr'>operis</span> <span class='ocrx_word' id='word_1_56' title='bbox 686 1031 716 1078; x_wconf 94' lang='lat' dir='ltr'>et</span> <span class='ocrx_word' id='word_1_57' title='bbox 732 1016 930 1097; x_wconf 89' lang='lat' dir='ltr'>longiusculo</span> <span class='ocrx_word' id='word_1_58' title='bbox 944 1032 1023 1080; x_wconf 91' lang='lat' dir='ltr'>tem-</span> 
     </span>
     <span class='ocr_line' id='line_1_9' title="bbox 28 1108 1100 1192; baseline -0.003 -20"><span class='ocrx_word' id='word_1_59' title='bbox 28 1110 117 1190; x_wconf 89' lang='lat' dir='ltr'>poris</span> <span class='ocrx_word' id='word_1_60' title='bbox 145 1108 254 1190; x_wconf 92' lang='lat' dir='ltr'>spatio</span> <span class='ocrx_word' id='word_1_61' title='bbox 274 1111 460 1191; x_wconf 85' lang='lat' dir='ltr'>peragenda.</span> <span class='ocrx_word' id='word_1_62' title='bbox 504 1110 621 1173; x_wconf 89' lang='lat' dir='ltr'>florum</span> <span class='ocrx_word' id='word_1_63' title='bbox 642 1112 801 1192; x_wconf 85' lang='lat' dir='ltr'>catalogus</span> <span class='ocrx_word' id='word_1_64' title='bbox 821 1130 850 1173; x_wconf 89' lang='lat' dir='ltr'>v.</span> <span class='ocrx_word' id='word_1_65' title='bbox 867 1113 1100 1192; x_wconf 75' lang='lat' dir='ltr'>398-4o9uasr.</span> 
     </span>
     <span class='ocr_line' id='line_1_10' title="bbox 28 1202 1023 1287; baseline 0.003 -21"><span class='ocrx_word' id='word_1_66' title='bbox 28 1207 128 1268; x_wconf 90' lang='lat' dir='ltr'>habet</span> <span class='ocrx_word' id='word_1_67' title='bbox 158 1202 294 1266; x_wconf 91' lang='lat' dir='ltr'>nomina</span> <span class='ocrx_word' id='word_1_68' title='bbox 319 1204 473 1268; x_wconf 86' lang='lat' dir='ltr'>curiosius</span> <span class='ocrx_word' id='word_1_69' title='bbox 500 1205 607 1268; x_wconf 89' lang='lat' dir='ltr'>electa.</span> <span class='ocrx_word' id='word_1_70' title='bbox 658 1204 716 1268; x_wconf 87' lang='lat' dir='ltr'>fert</span> <span class='ocrx_word' id='word_1_71' title='bbox 745 1207 834 1287; x_wconf 86' lang='lat' dir='ltr'>regio</span> <span class='ocrx_word' id='word_1_72' title='bbox 865 1208 1023 1269; x_wconf 89' lang='lat' dir='ltr'>acanthon</span> 
     </span>
     <span class='ocr_line' id='line_1_11' title="bbox 29 1299 1023 1383; baseline -0.002 -19"><span class='ocrx_word' id='word_1_73' title='bbox 29 1318 56 1364; x_wconf 88' lang='lat' dir='ltr'>et</span> <span class='ocrx_word' id='word_1_74' title='bbox 90 1321 191 1364; x_wconf 90' lang='lat' dir='ltr'>rosas</span> <span class='ocrx_word' id='word_1_75' title='bbox 224 1299 322 1378; x_wconf 72' lang='lat' dir='ltr'>(cuius</span> <span class='ocrx_word' id='word_1_76' title='bbox 356 1299 512 1362; x_wconf 83' lang='lat' dir='ltr'>societatis</span> <span class='ocrx_word' id='word_1_77' title='bbox 542 1300 787 1381; x_wconf 88' lang='lat' dir='ltr'>pulcritudinem</span> <span class='ocrx_word' id='word_1_78' title='bbox 821 1317 939 1364; x_wconf 92' lang='lat' dir='ltr'>norunt</span> <span class='ocrx_word' id='word_1_79' title='bbox 968 1302 1023 1383; x_wconf 90' lang='lat' dir='ltr'>qui</span> 
     </span>
     <span class='ocr_line' id='line_1_12' title="bbox 28 1394 1021 1475; baseline 0 -19"><span class='ocrx_word' id='word_1_80' title='bbox 28 1412 149 1458; x_wconf 87' lang='lat' dir='ltr'>terram</span> <span class='ocrx_word' id='word_1_81' title='bbox 170 1394 357 1456; x_wconf 86' lang='lat' dir='ltr'>Paestanam</span> <span class='ocrx_word' id='word_1_82' title='bbox 377 1394 599 1470; x_wconf 83' lang='lat' dir='ltr'>visitaverunt),</span> <span class='ocrx_word' id='word_1_83' title='bbox 620 1394 775 1458; x_wconf 88' lang='lat' dir='ltr'>violarum</span> <span class='ocrx_word' id='word_1_84' title='bbox 796 1415 891 1458; x_wconf 92' lang='lat' dir='ltr'>omne</span> <span class='ocrx_word' id='word_1_85' title='bbox 912 1415 1021 1475; x_wconf 85' lang='lat' dir='ltr'>genus,</span> 
     </span>
    </p>

    <p class='ocr_par' dir='ltr' id='par_1_3' title="bbox 26 1488 1100 3659">
     <span class='ocr_line' id='line_1_13' title="bbox 29 1488 1075 1573; baseline 0.002 -22"><span class='ocrx_word' id='word_1_86' title='bbox 29 1491 45 1552; x_wconf 92' lang='lat' dir='ltr'>i.</span> <span class='ocrx_word' id='word_1_87' title='bbox 60 1513 87 1554; x_wconf 93' lang='lat' dir='ltr'>e.</span> <span class='ocrx_word' id='word_1_88' title='bbox 111 1509 298 1572; x_wconf 89' lang='lat' dir='ltr'>purpureas</span> <span class='ocrx_word' id='word_1_89' title='bbox 318 1490 418 1551; x_wconf 91' lang='lat' dir='ltr'>luteas</span> <span class='ocrx_word' id='word_1_90' title='bbox 437 1488 533 1567; x_wconf 90' lang='lat' dir='ltr'>albas,</span> <span class='ocrx_word' id='word_1_91' title='bbox 557 1504 696 1571; x_wconf 87' lang='lat' dir='ltr'>myrtum</span> <span class='ocrx_word' id='word_1_92' title='bbox 718 1509 815 1571; x_wconf 88' lang='lat' dir='ltr'>quarn</span> <span class='ocrx_word' id='word_1_93' title='bbox 835 1491 949 1573; x_wconf 81' lang='lat' dir='ltr'>integri</span> <span class='ocrx_word' id='word_1_94' title='bbox 969 1510 1023 1553; x_wconf 92' lang='lat' dir='ltr'>co·</span> <span class='ocrx_word' id='word_1_95' title='bbox 1035 1508 1075 1552; x_wconf 79' lang='lat' dir='ltr'>roo</span> 
     </span>
     <span class='ocr_line' id='line_1_14' title="bbox 29 1583 1022 1666; baseline -0.001 -19"><span class='ocrx_word' id='word_1_96' title='bbox 29 1587 114 1648; x_wconf 89' lang='lat' dir='ltr'>dices</span> <span class='ocrx_word' id='word_1_97' title='bbox 126 1583 320 1666; x_wconf 78' lang='lat' dir='ltr'>Sparticam</span> <span class='ocrx_word' id='word_1_98' title='bbox 339 1583 506 1664; x_wconf 88' lang='lat' dir='ltr'>appellant,</span> <span class='ocrx_word' id='word_1_99' title='bbox 520 1583 692 1646; x_wconf 89' lang='lat' dir='ltr'>Vossianus</span> <span class='ocrx_word' id='word_1_100' title='bbox 706 1584 908 1664; x_wconf 62' lang='lat' dir='ltr'>Parthicam</span> <span class='ocrx_word' id='word_1_101' title='bbox 928 1603 1022 1665; x_wconf 91' lang='lat' dir='ltr'>atque</span> 
     </span>
     <span class='ocr_line' id='line_1_15' title="bbox 31 1677 1025 1759; baseline 0 -17"><span class='ocrx_word' id='word_1_102' title='bbox 31 1680 223 1742; x_wconf 89' lang='lat' dir='ltr'>Parthicam</span> <span class='ocrx_word' id='word_1_103' title='bbox 256 1678 395 1758; x_wconf 87' lang='lat' dir='ltr'>Scaliger</span> <span class='ocrx_word' id='word_1_104' title='bbox 430 1697 469 1739; x_wconf 85' lang='lat' dir='ltr'>ex</span> <span class='ocrx_word' id='word_1_105' title='bbox 501 1677 691 1759; x_wconf 87' lang='lat' dir='ltr'>Apollodori</span> <span class='ocrx_word' id='word_1_106' title='bbox 731 1679 883 1743; x_wconf 87' lang='lat' dir='ltr'>Parthicis</span> <span class='ocrx_word' id='word_1_107' title='bbox 922 1680 1025 1742; x_wconf 89' lang='lat' dir='ltr'>attulit</span> 
     </span>
     <span class='ocr_line' id='line_1_16' title="bbox 28 1773 1023 1858; baseline -0.001 -22"><span class='ocrx_word' id='word_1_108' title='bbox 28 1777 163 1853; x_wconf 80' lang='lat' dir='ltr'>(Athen.</span> <span class='ocrx_word' id='word_1_109' title='bbox 191 1775 239 1850; x_wconf 83' lang='lat'>15,</span> <span class='ocrx_word' id='word_1_110' title='bbox 260 1773 340 1834; x_wconf 84' lang='lat' dir='ltr'>682c</span> <span class='ocrx_word' id='word_1_111' title='bbox 361 1777 515 1858; x_wconf 71' lang='grc' dir='ltr'>μυρσίνης</span> <span class='ocrx_word' id='word_1_112' title='bbox 546 1776 621 1858; x_wconf 70' lang='grc' dir='ltr'>γένη</span> <span class='ocrx_word' id='word_1_113' title='bbox 654 1775 811 1852; x_wconf 78' lang='grc' dir='ltr'><strong><em>ποικίλα),</em></strong></span> <span class='ocrx_word' id='word_1_114' title='bbox 838 1774 1023 1855; x_wconf 88' lang='lat' dir='ltr'>Spartanam</span> 
     </span>
     <span class='ocr_line' id='line_1_17' title="bbox 29 1867 1022 1949; baseline 0.004 -22"><span class='ocrx_word' id='word_1_115' title='bbox 29 1872 74 1932; x_wconf 84' lang='lat' dir='ltr'>vel</span> <span class='ocrx_word' id='word_1_116' title='bbox 102 1889 147 1932; x_wconf 85' lang='lat' dir='ltr'>ex</span> <span class='ocrx_word' id='word_1_117' title='bbox 179 1867 307 1931; x_wconf 89' lang='lat' dir='ltr'>Catullo</span> <span class='ocrx_word' id='word_1_118' title='bbox 332 1867 481 1930; x_wconf 92' lang='lat' dir='ltr'>novimus</span> <span class='ocrx_word' id='word_1_119' title='bbox 507 1867 564 1947; x_wconf 88' lang='lat'>(64,</span> <span class='ocrx_word' id='word_1_120' title='bbox 585 1869 624 1947; x_wconf 90' lang='lat'>89</span> <span class='ocrx_word' id='word_1_121' title='bbox 652 1867 761 1949; x_wconf 76' lang='lat' dir='ltr'>quales</span> <span class='ocrx_word' id='word_1_122' title='bbox 785 1869 925 1932; x_wconf 79' lang='lat' dir='ltr'>Eurotae</span> <span class='ocrx_word' id='word_1_123' title='bbox 946 1879 1022 1949; x_wconf 86' lang='lat' dir='ltr'>pro·</span> 
     </span>
     <span class='ocr_line' id='line_1_18' title="bbox 26 1960 1022 2046; baseline -0.002 -20"><span class='ocrx_word' id='word_1_124' title='bbox 26 1966 176 2046; x_wconf 74' lang='lat' dir='ltr'>gignunt</span> <span class='ocrx_word' id='word_1_125' title='bbox 197 1960 339 2042; x_wconf 86' lang='lat' dir='ltr'>flumina</span> <span class='ocrx_word' id='word_1_126' title='bbox 367 1970 497 2043; x_wconf 79' lang='lat' dir='ltr'>myrtus.</span> <span class='ocrx_word' id='word_1_127' title='bbox 528 1962 584 2025; x_wconf 93' lang='lat' dir='ltr'>ubi</span> <span class='ocrx_word' id='word_1_128' title='bbox 609 1978 873 2025; x_wconf 86' lang='lat' dir='ltr'>commentatores</span> <span class='ocrx_word' id='word_1_129' title='bbox 896 1963 955 2026; x_wconf 91' lang='lat' dir='ltr'>alia</span> <span class='ocrx_word' id='word_1_130' title='bbox 976 1963 1022 2026; x_wconf 87' lang='lat' dir='ltr'>af-</span> 
     </span>
     <span class='ocr_line' id='line_1_19' title="bbox 31 2055 1022 2139; baseline 0.001 -19"><span class='ocrx_word' id='word_1_131' title='bbox 31 2061 170 2137; x_wconf 84' lang='lat' dir='ltr'>ferunt);</span> <span class='ocrx_word' id='word_1_132' title='bbox 206 2073 303 2137; x_wconf 89' lang='lat' dir='ltr'>quarn</span> <span class='ocrx_word' id='word_1_133' title='bbox 337 2055 424 2136; x_wconf 87' lang='lat' dir='ltr'>quod</span> <span class='ocrx_word' id='word_1_134' title='bbox 457 2056 640 2137; x_wconf 84' lang='lat' dir='ltr'>Sparticam</span> <span class='ocrx_word' id='word_1_135' title='bbox 670 2057 748 2119; x_wconf 88' lang='lat' dir='ltr'>dixit</span> <span class='ocrx_word' id='word_1_136' title='bbox 779 2077 837 2138; x_wconf 89' lang='lat' dir='ltr'>pro</span> <span class='ocrx_word' id='word_1_137' title='bbox 871 2059 1022 2139; x_wconf 89' lang='lat' dir='ltr'>Spartana</span> 
     </span>
     <span class='ocr_line' id='line_1_20' title="bbox 29 2149 1022 2235; baseline -0.001 -19"><span class='ocrx_word' id='word_1_138' title='bbox 29 2151 224 2235; x_wconf 87' lang='lat' dir='ltr'>Spartiatica</span> <span class='ocrx_word' id='word_1_139' title='bbox 253 2149 426 2232; x_wconf 86' lang='lat' dir='ltr'>Spartiaca,</span> <span class='ocrx_word' id='word_1_140' title='bbox 460 2150 533 2214; x_wconf 88' lang='lat' dir='ltr'>fecit</span> <span class='ocrx_word' id='word_1_141' title='bbox 562 2151 708 2215; x_wconf 89' lang='lat' dir='ltr'>audacter</span> <span class='ocrx_word' id='word_1_142' title='bbox 739 2151 869 2233; x_wconf 91' lang='lat' dir='ltr'>quidem</span> <span class='ocrx_word' id='word_1_143' title='bbox 898 2153 954 2216; x_wconf 92' lang='lat' dir='ltr'>sed</span> <span class='ocrx_word' id='word_1_144' title='bbox 983 2174 1022 2216; x_wconf 85' lang='lat' dir='ltr'>ex</span> 
     </span>
     <span class='ocr_line' id='line_1_21' title="bbox 29 2246 1022 2329; baseline -0.001 -17"><span class='ocrx_word' id='word_1_145' title='bbox 29 2252 216 2312; x_wconf 88' lang='lat' dir='ltr'>multorum</span> <span class='ocrx_word' id='word_1_146' title='bbox 242 2246 411 2308; x_wconf 88' lang='lat' dir='ltr'>nominum</span> <span class='ocrx_word' id='word_1_147' title='bbox 438 2247 590 2327; x_wconf 88' lang='lat' dir='ltr'>analogia.</span> <span class='ocrx_word' id='word_1_148' title='bbox 641 2246 794 2310; x_wconf 90' lang='lat' dir='ltr'>accedunt</span> <span class='ocrx_word' id='word_1_149' title='bbox 824 2247 1022 2329; x_wconf 82' lang='lat' dir='ltr'>hyacinthus,</span> 
     </span>
     <span class='ocr_line' id='line_1_22' title="bbox 28 2339 1074 2428; baseline -0.001 -22"><span class='ocrx_word' id='word_1_150' title='bbox 28 2365 156 2422; x_wconf 85' lang='lat' dir='ltr'>crocus,</span> <span class='ocrx_word' id='word_1_151' title='bbox 181 2342 304 2420; x_wconf 89' lang='lat' dir='ltr'>laurus;</span> <span class='ocrx_word' id='word_1_152' title='bbox 325 2363 353 2403; x_wconf 90' lang='lat' dir='ltr'>v.</span> <span class='ocrx_word' id='word_1_153' title='bbox 367 2361 425 2421; x_wconf 84' lang='lat'>402</span> <span class='ocrx_word' id='word_1_154' title='bbox 440 2339 662 2421; x_wconf 80' lang='lat' dir='ltr'>rhododaphne</span> <span class='ocrx_word' id='word_1_155' title='bbox 675 2341 867 2428; x_wconf 84' lang='lat' dir='ltr'>nominatur,</span> <span class='ocrx_word' id='word_1_156' title='bbox 888 2363 936 2405; x_wconf 92' lang='lat' dir='ltr'>res</span> <span class='ocrx_word' id='word_1_157' title='bbox 950 2343 1022 2405; x_wconf 91' lang='lat' dir='ltr'>satis</span> <span class='ocrx_word' id='word_1_158' title='bbox 1035 2362 1074 2406; x_wconf 81' lang='lat'>402</span> 
     </span>
     <span class='ocr_line' id='line_1_23' title="bbox 27 2435 1031 2519; baseline -0.006 -15"><span class='ocrx_word' id='word_1_159' title='bbox 27 2438 269 2515; x_wconf 83' lang='lat' dir='ltr'>memorabilis,</span> <span class='ocrx_word' id='word_1_160' title='bbox 299 2437 456 2518; x_wconf 91' lang='lat' dir='ltr'>siquidem</span> <span class='ocrx_word' id='word_1_161' title='bbox 486 2436 519 2497; x_wconf 92' lang='lat' dir='ltr'>in</span> <span class='ocrx_word' id='word_1_162' title='bbox 548 2435 657 2498; x_wconf 87' lang='lat' dir='ltr'>litteris</span> <span class='ocrx_word' id='word_1_163' title='bbox 688 2438 740 2500; x_wconf 94' lang='lat' dir='ltr'>illa</span> <span class='ocrx_word' id='word_1_164' title='bbox 770 2457 873 2519; x_wconf 92' lang='lat' dir='ltr'>neque</span> <span class='ocrx_word' id='word_1_165' title='bbox 903 2437 1031 2518; x_wconf 86' lang='lat' dir='ltr'>graecis·</span> 
     </span>
     <span class='ocr_line' id='line_1_24' title="bbox 27 2531 1020 2618; baseline -0.005 -20"><span class='ocrx_word' id='word_1_166' title='bbox 27 2557 136 2618; x_wconf 88' lang='lat' dir='ltr'>neque</span> <span class='ocrx_word' id='word_1_167' title='bbox 166 2533 271 2596; x_wconf 87' lang='lat' dir='ltr'>latinis</span> <span class='ocrx_word' id='word_1_168' title='bbox 300 2546 372 2594; x_wconf 86' lang='lat' dir='ltr'>ante</span> <span class='ocrx_word' id='word_1_169' title='bbox 398 2531 570 2593; x_wconf 89' lang='lat' dir='ltr'>Claudium</span> <span class='ocrx_word' id='word_1_170' title='bbox 595 2548 723 2613; x_wconf 87' lang='lat' dir='ltr'>apparet</span> <span class='ocrx_word' id='word_1_171' title='bbox 749 2533 901 2611; x_wconf 87' lang='lat' dir='ltr'>(Scribon.</span> <span class='ocrx_word' id='word_1_172' title='bbox 929 2533 1020 2612; x_wconf 88' lang='lat' dir='ltr'>Larg.</span> 
     </span>
     <span class='ocr_line' id='line_1_25' title="bbox 27 2625 1021 2713; baseline -0.006 -19"><span class='ocrx_word' id='word_1_173' title='bbox 27 2651 181 2713; x_wconf 90' lang='lat' dir='ltr'>compos.</span> <span class='ocrx_word' id='word_1_174' title='bbox 199 2631 255 2707; x_wconf 83' lang='lat'>55),</span> <span class='ocrx_word' id='word_1_175' title='bbox 276 2626 390 2689; x_wconf 89' lang='lat' dir='ltr'>deinde</span> <span class='ocrx_word' id='word_1_176' title='bbox 409 2626 513 2688; x_wconf 91' lang='lat' dir='ltr'>Plinio</span> <span class='ocrx_word' id='word_1_177' title='bbox 533 2641 564 2688; x_wconf 89' lang='lat' dir='ltr'>et</span> <span class='ocrx_word' id='word_1_178' title='bbox 587 2625 767 2688; x_wconf 90' lang='lat' dir='ltr'>Dioscoridi</span> <span class='ocrx_word' id='word_1_179' title='bbox 785 2627 947 2688; x_wconf 89' lang='lat' dir='ltr'>notissima</span> <span class='ocrx_word' id='word_1_180' title='bbox 967 2641 1021 2703; x_wconf 86' lang='lat' dir='ltr'>est,</span> 
     </span>
     <span class='ocr_line' id='line_1_26' title="bbox 27 2721 1100 2808; baseline -0.007 -18"><span class='ocrx_word' id='word_1_181' title='bbox 27 2729 62 2790; x_wconf 85' lang='lat' dir='ltr'>cf.</span> <span class='ocrx_word' id='word_1_182' title='bbox 86 2723 246 2789; x_wconf 88' lang='lat' dir='ltr'>Hehnius</span> <span class='ocrx_word' id='word_1_183' title='bbox 266 2742 295 2803; x_wconf 93' lang='lat' dir='ltr'>p.</span> <span class='ocrx_word' id='word_1_184' title='bbox 312 2722 377 2799; x_wconf 85' lang='lat'>361,</span> <span class='ocrx_word' id='word_1_185' title='bbox 399 2722 454 2802; x_wconf 94' lang='lat' dir='ltr'>qui</span> <span class='ocrx_word' id='word_1_186' title='bbox 473 2723 532 2784; x_wconf 90' lang='lat' dir='ltr'>sub</span> <span class='ocrx_word' id='word_1_187' title='bbox 554 2721 651 2782; x_wconf 86' lang='lat' dir='ltr'>finem</span> <span class='ocrx_word' id='word_1_188' title='bbox 673 2721 790 2784; x_wconf 88' lang='lat' dir='ltr'>liberae</span> <span class='ocrx_word' id='word_1_189' title='bbox 812 2721 1020 2802; x_wconf 89' lang='lat' dir='ltr'>reipublicae</span> <span class='ocrx_word' id='word_1_190' title='bbox 1097 2801 1100 2808; x_wconf 25' lang='grc' dir='ltr'>Ι</span> 
     </span>
     <span class='ocr_line' id='line_1_27' title="bbox 27 2815 1021 2896; baseline -0.006 -12"><span class='ocrx_word' id='word_1_191' title='bbox 27 2843 98 2886; x_wconf 89' lang='lat' dir='ltr'>eam</span> <span class='ocrx_word' id='word_1_192' title='bbox 121 2823 161 2883; x_wconf 93' lang='lat' dir='ltr'>in</span> <span class='ocrx_word' id='word_1_193' title='bbox 183 2817 350 2881; x_wconf 88' lang='lat' dir='ltr'>Graeciam</span> <span class='ocrx_word' id='word_1_194' title='bbox 375 2816 555 2878; x_wconf 85' lang='lat' dir='ltr'>translatam</span> <span class='ocrx_word' id='word_1_195' title='bbox 582 2835 648 2879; x_wconf 89' lang='lat' dir='ltr'>esse</span> <span class='ocrx_word' id='word_1_196' title='bbox 670 2818 793 2896; x_wconf 88' lang='lat' dir='ltr'>conicit,</span> <span class='ocrx_word' id='word_1_197' title='bbox 814 2817 887 2877; x_wconf 89' lang='lat' dir='ltr'>inde</span> <span class='ocrx_word' id='word_1_198' title='bbox 908 2816 941 2877; x_wconf 89' lang='lat' dir='ltr'>in</span> <span class='ocrx_word' id='word_1_199' title='bbox 962 2815 1021 2878; x_wconf 90' lang='lat' dir='ltr'>lta-</span> 
     </span>
     <span class='ocr_line' id='line_1_28' title="bbox 27 2910 1021 2993; baseline -0.009 -13"><span class='ocrx_word' id='word_1_200' title='bbox 27 2919 114 2981; x_wconf 91' lang='lat' dir='ltr'>liam.</span> <span class='ocrx_word' id='word_1_201' title='bbox 161 2933 238 2974; x_wconf 89' lang='lat' dir='ltr'>sane</span> <span class='ocrx_word' id='word_1_202' title='bbox 263 2911 307 2972; x_wconf 92' lang='lat' dir='ltr'>sic</span> <span class='ocrx_word' id='word_1_203' title='bbox 332 2930 461 2992; x_wconf 90' lang='lat' dir='ltr'>quoque</span> <span class='ocrx_word' id='word_1_204' title='bbox 487 2910 605 2972; x_wconf 89' lang='lat' dir='ltr'>factum</span> <span class='ocrx_word' id='word_1_205' title='bbox 630 2931 695 2972; x_wconf 88' lang='lat' dir='ltr'>esse</span> <span class='ocrx_word' id='word_1_206' title='bbox 721 2925 832 2993; x_wconf 88' lang='lat' dir='ltr'>potest,</span> <span class='ocrx_word' id='word_1_207' title='bbox 859 2925 892 2971; x_wconf 94' lang='lat' dir='ltr'>ut</span> <span class='ocrx_word' id='word_1_208' title='bbox 916 2911 1021 2991; x_wconf 90' lang='lat' dir='ltr'>planta</span> 
     </span>
     <span class='ocr_line' id='line_1_29' title="bbox 27 3004 1019 3086; baseline -0.009 -13"><span class='ocrx_word' id='word_1_209' title='bbox 27 3013 57 3073; x_wconf 91' lang='lat' dir='ltr'>in</span> <span class='ocrx_word' id='word_1_210' title='bbox 78 3009 167 3072; x_wconf 88' lang='lat' dir='ltr'>Asia</span> <span class='ocrx_word' id='word_1_211' title='bbox 188 3005 321 3068; x_wconf 90' lang='lat' dir='ltr'>celebris</span> <span class='ocrx_word' id='word_1_212' title='bbox 346 3027 364 3067; x_wconf 86' lang='lat' dir='ltr'>a</span> <span class='ocrx_word' id='word_1_213' title='bbox 384 3020 478 3086; x_wconf 86' lang='lat' dir='ltr'>poeta</span> <span class='ocrx_word' id='word_1_214' title='bbox 497 3025 621 3086; x_wconf 91' lang='lat' dir='ltr'>graeco,</span> <span class='ocrx_word' id='word_1_215' title='bbox 647 3005 731 3067; x_wconf 85' lang='lat' dir='ltr'>unde</span> <span class='ocrx_word' id='word_1_216' title='bbox 752 3004 853 3066; x_wconf 85' lang='lat' dir='ltr'>Culex</span> <span class='ocrx_word' id='word_1_217' title='bbox 877 3004 1019 3086; x_wconf 81' lang='lat' dir='ltr'>pendeat,</span> 
     </span>
     <span class='ocr_line' id='line_1_30' title="bbox 28 3097 1019 3181; baseline -0.008 -13"><span class='ocrx_word' id='word_1_218' title='bbox 28 3125 101 3169; x_wconf 89' lang='lat' dir='ltr'>ante</span> <span class='ocrx_word' id='word_1_219' title='bbox 136 3101 223 3165; x_wconf 91' lang='lat' dir='ltr'>illud</span> <span class='ocrx_word' id='word_1_220' title='bbox 252 3115 376 3181; x_wconf 90' lang='lat' dir='ltr'>tempus</span> <span class='ocrx_word' id='word_1_221' title='bbox 407 3115 580 3162; x_wconf 86' lang='lat' dir='ltr'>memorata</span> <span class='ocrx_word' id='word_1_222' title='bbox 609 3101 648 3162; x_wconf 89' lang='lat' dir='ltr'>sit</span> <span class='ocrx_word' id='word_1_223' title='bbox 678 3099 728 3161; x_wconf 88' lang='lat' dir='ltr'>vel</span> <span class='ocrx_word' id='word_1_224' title='bbox 754 3099 848 3161; x_wconf 87' lang='lat' dir='ltr'>etiam</span> <span class='ocrx_word' id='word_1_225' title='bbox 874 3119 891 3160; x_wconf 92' lang='lat' dir='ltr'>a</span> <span class='ocrx_word' id='word_1_226' title='bbox 921 3097 1019 3161; x_wconf 90' lang='lat' dir='ltr'>latino</span> 
     </span>
     <span class='ocr_line' id='line_1_31' title="bbox 28 3193 1072 3276; baseline -0.005 -15"><span class='ocrx_word' id='word_1_227' title='bbox 28 3201 97 3262; x_wconf 89' lang='lat' dir='ltr'>aevi</span> <span class='ocrx_word' id='word_1_228' title='bbox 123 3194 295 3276; x_wconf 84' lang='lat' dir='ltr'>Augustei</span> <span class='ocrx_word' id='word_1_229' title='bbox 338 3194 453 3256; x_wconf 86' lang='lat' dir='ltr'>deinde</span> <span class='ocrx_word' id='word_1_230' title='bbox 477 3194 542 3256; x_wconf 86' lang='lat' dir='ltr'>lilia</span> <span class='ocrx_word' id='word_1_231' title='bbox 572 3210 602 3257; x_wconf 92' lang='lat' dir='ltr'>et</span> <span class='ocrx_word' id='word_1_232' title='bbox 632 3193 719 3256; x_wconf 82' lang='lat' dir='ltr'>roris</span> <span class='ocrx_word' id='word_1_233' title='bbox 747 3214 807 3255; x_wconf 85' lang='lat' dir='ltr'>non</span> <span class='ocrx_word' id='word_1_234' title='bbox 837 3193 912 3256; x_wconf 85' lang='lat' dir='ltr'>avia</span> <span class='ocrx_word' id='word_1_235' title='bbox 941 3213 1020 3257; x_wconf 84' lang='lat' dir='ltr'>cura</span> <span class='ocrx_word' id='word_1_236' title='bbox 1033 3213 1072 3256; x_wconf 79' lang='lat' dir='ltr'>roa</span> 
     </span>
     <span class='ocr_line' id='line_1_32' title="bbox 29 3289 1021 3370; baseline -0.006 -14"><span class='ocrx_word' id='word_1_237' title='bbox 29 3290 166 3356; x_wconf 63' lang='lat' dir='ltr'>marini</span> <span class='ocrx_word' id='word_1_238' title='bbox 218 3289 262 3351; x_wconf 92' lang='lat' dir='ltr'>sic</span> <span class='ocrx_word' id='word_1_239' title='bbox 292 3289 466 3370; x_wconf 86' lang='lat' dir='ltr'>significare</span> <span class='ocrx_word' id='word_1_240' title='bbox 491 3304 593 3370; x_wconf 88' lang='lat' dir='ltr'>potest</span> <span class='ocrx_word' id='word_1_241' title='bbox 618 3308 723 3352; x_wconf 87' lang='lat' dir='ltr'>rorem</span> <span class='ocrx_word' id='word_1_242' title='bbox 747 3289 905 3350; x_wconf 89' lang='lat' dir='ltr'>marinum</span> <span class='ocrx_word' id='word_1_243' title='bbox 925 3308 1021 3369; x_wconf 92' lang='lat' dir='ltr'>quem</span> 
     </span>
     <span class='ocr_line' id='line_1_33' title="bbox 31 3382 1019 3464; baseline -0.004 -14"><span class='ocrx_word' id='word_1_244' title='bbox 31 3409 97 3450; x_wconf 90' lang='lat' dir='ltr'>non</span> <span class='ocrx_word' id='word_1_245' title='bbox 119 3386 156 3448; x_wconf 92' lang='lat' dir='ltr'>in</span> <span class='ocrx_word' id='word_1_246' title='bbox 180 3383 257 3446; x_wconf 84' lang='lat' dir='ltr'>aviis</span> <span class='ocrx_word' id='word_1_247' title='bbox 278 3382 460 3462; x_wconf 91' lang='lat' dir='ltr'>regionibus</span> <span class='ocrx_word' id='word_1_248' title='bbox 481 3383 543 3445; x_wconf 91' lang='lat' dir='ltr'>coli</span> <span class='ocrx_word' id='word_1_249' title='bbox 563 3399 715 3464; x_wconf 85' lang='lat' dir='ltr'>oporteat,</span> <span class='ocrx_word' id='word_1_250' title='bbox 737 3383 774 3445; x_wconf 86' lang='lat' dir='ltr'>cf.</span> <span class='ocrx_word' id='word_1_251' title='bbox 790 3382 948 3445; x_wconf 90' lang='lat' dir='ltr'>Nicander</span> <span class='ocrx_word' id='word_1_252' title='bbox 962 3383 1019 3464; x_wconf 87' lang='lat' dir='ltr'>frg.</span> 
     </span>
     <span class='ocr_line' id='line_1_34' title="bbox 30 3478 1020 3564; baseline -0.001 -20"><span class='ocrx_word' id='word_1_253' title='bbox 30 3504 75 3561; x_wconf 84' lang='lat'>74,</span> <span class='ocrx_word' id='word_1_254' title='bbox 99 3485 137 3560; x_wconf 88' lang='lat'>57</span> <span class='ocrx_word' id='word_1_255' title='bbox 162 3479 290 3558; x_wconf 85' lang='lat' dir='ltr'>(Athen.</span> <span class='ocrx_word' id='word_1_256' title='bbox 305 3478 399 3556; x_wconf 78' lang='lat' dir='ltr'>684b)</span> <span class='ocrx_word' id='word_1_257' title='bbox 424 3479 503 3542; x_wconf 84' lang='grc' dir='ltr'><strong><em>ὄσσα</em></strong></span> <span class='ocrx_word' id='word_1_258' title='bbox 531 3503 564 3542; x_wconf 79' lang='grc' dir='ltr'>τε</span> <span class='ocrx_word' id='word_1_259' title='bbox 589 3479 710 3554; x_wconf 80' lang='grc' dir='ltr'><strong><em>κοίλοις</em></strong></span> <span class='ocrx_word' id='word_1_260' title='bbox 731 3481 864 3564; x_wconf 81' lang='grc' dir='ltr'><em>ἄσπορα</em></span> <span class='ocrx_word' id='word_1_261' title='bbox 885 3483 1020 3561; x_wconf 81' lang='grc' dir='ltr'><strong><em>ναιομέ-</em></strong></span> 
     </span>
     <span class='ocr_line' id='line_1_35' title="bbox 32 3573 1020 3659; baseline -0.006 -18"><span class='ocrx_word' id='word_1_262' title='bbox 32 3595 115 3643; x_wconf 82' lang='grc' dir='ltr'><strong><em>νοισι</em></strong></span> <span class='ocrx_word' id='word_1_263' title='bbox 139 3573 261 3650; x_wconf 79' lang='grc' dir='ltr'><strong><em>τόποις</em></strong></span> <span class='ocrx_word' id='word_1_264' title='bbox 279 3573 489 3659; x_wconf 75' lang='grc' dir='ltr'><strong><em>ἀνεθρέψατο</em></strong></span> <span class='ocrx_word' id='word_1_265' title='bbox 512 3573 630 3656; x_wconf 81' lang='grc' dir='ltr'><strong><em>λειμών</em></strong></span> <span class='ocrx_word' id='word_1_266' title='bbox 651 3573 777 3637; x_wconf 80' lang='grc' dir='ltr'><strong><em>κάλλεα.</em></strong></span> <span class='ocrx_word' id='word_1_267' title='bbox 828 3573 884 3634; x_wconf 88' lang='lat' dir='ltr'>sed</span> <span class='ocrx_word' id='word_1_268' title='bbox 914 3587 944 3634; x_wconf 88' lang='lat' dir='ltr'>et</span> <span class='ocrx_word' id='word_1_269' title='bbox 968 3592 1020 3636; x_wconf 91' lang='lat' dir='ltr'>ros</span> 
     </span>
    </p>
   </div>
   <div class='ocr_carea' id='block_1_3' title="bbox 0 0 1268 4202">
    <p class='ocr_par' dir='ltr' id='par_1_4' title="bbox 0 0 1268 4202">
     <span class='ocr_line' id='line_1_36' title="bbox 0 0 1268 4202; baseline 0 0"><span class='ocrx_word' id='word_1_270' title='bbox 0 0 1268 4202; x_wconf 95' lang='lat' dir='ltr'> </span> 
     </span>
    </p>
   </div>
  </div>
 </body>
</html>
