2536 4200
252 288 292 349 44
609 267 868 314 COMMENTARIVS

253 450 372 512 accedit
385 451 425 511 ad
439 451 608 512 herbarum
623 450 826 511 odoratorum
839 448 985 510 virtutem
1006 446 1099 509 etiam
1114 445 1230 506 florum
1255 457 1256 462 ’

252 544 396 621 varietas;
427 545 463 606 cf.
488 563 548 623 404
575 543 734 623 herbaque
759 543 840 605 turis
869 553 939 624 opes
963 542 1079 623 priscis
1109 540 1232 603 imitato

253 639 389 702 Sabinis.
433 639 492 700 alia
522 638 728 720 explicatione
759 637 869 698 eadem
898 639 993 698 verba
1017 637 1231 700 Buechelerus

252 733 400 795 vindicat:
435 733 537 795 ‘flores
562 732 680 795 variant
704 747 787 810 tura,
817 731 849 792 id
875 747 920 793 est
945 747 1095 812 spargunt
1116 731 1231 795 odores

253 847 326 889 cum
351 826 468 888 similes
491 827 568 888 turis
592 842 662 888 tum
687 827 791 906 plures
812 827 905 889 etiam
926 827 1088 907 magisque
1108 825 1231 888 varios!

213 937 290 981 00-
320 942 348 982 v.
369 922 407 1000 89
432 932 517 1001 puro
544 920 686 1001 uoluptas
716 921 753 983 cf.
785 921 876 983 Lucr.
897 942 930 1000 4,
965 925 1045 1000 1075.
1080 922 1163 983 1081.
1195 954 1231 966 -

213 1028 280 1076 mv.
300 1035 338 1094 9ο
366 1014 556 1096 simplicibus
585 1016 670 1078 curis
700 1016 738 1078 cf.
759 1037 787 1077 v.
809 1018 865 1095 379
895 1015 1108 1080 tolerabilibus
1136 1015 1256 1090 curis„

253 1109 360 1170 Manil.
380 1129 409 1188 4,
432 1112 483 1171 511
512 1108 620 1173 mollia
639 1119 700 1190 per
712 1111 859 1191 placidas
881 1111 1032 1174 delectant
1053 1111 1117 1173 otio
1136 1129 1232 1172 curas
1255 1191 1256 1196 ἵ

212 1216 238 1260 92
253 1203 350 1266 Gratt.
373 1223 442 1286 eyn.
462 1208 519 1284 475
540 1215 643 1267 tenues
665 1223 769 1267 curas.
819 1205 852 1267 id
871 1205 966 1284 igitur
986 1221 1081 1283 curat,
1109 1221 1144 1267 ut
1166 1205 1232 1267 otio
1255 1205 1256 1280 ἶ

252 1299 381 1378 fruatur,
405 1299 489 1361 victu
513 1299 630 1361 scilicet
653 1299 795 1380 quolibet
820 1315 993 1362 contentus.
1034 1299 1176 1380 quaesita
1205 1315 1231 1361 et
1255 1305 1256 1386 4

252 1413 360 1474 aspera
384 1393 555 1484 verborum
575 1392 780 1474 compositio:
809 1394 943 1475 quolibet
962 1405 998 1457 ut
1020 1394 1128 1475 requie
1151 1395 1232 1456 ot'ctu
1255 1391 1256 1478 l

252 1497 406 1551 coutmtus
425 1486 561 1550 amnuo
578 1489 596 1549 i.
612 1509 637 1550 e.
654 1487 789 1569 quolibet
804 1488 886 1550 victu
899 1499 1053 1552 contentus
1071 1498 1108 1551 ut
1124 1489 1232 1568 requio

252 1581 394 1645 abundet.
434 1601 576 1664 asperam
595 1582 676 1660 dico,
697 1602 771 1644 nam
792 1583 915 1645 nobiles
932 1599 1043 1664 poetae
1058 1603 1232 1665 quaecum·
1255 1597 1256 1664 l

253 1697 314 1756 que
335 1677 448 1739 similia
468 1677 536 1738 ausi
556 1692 637 1755 sunt,
663 1677 757 1738 simul
775 1678 933 1740 scabrities
947 1679 1100 1740 sermonis
1115 1679 1232 1759 quibus
1255 1665 1256 1748 l

253 1772 356 1833 modis
377 1771 484 1833 evitari
504 1787 608 1851 posset
628 1772 846 1849 ostenderum3
874 1788 919 1835 est
943 1790 1047 1835 autem
1069 1774 1148 1835 illud
1169 1791 1231 1835 tra·

152 1933 154 1938 ,
252 1866 382 1928 iectonis
401 1886 502 1947 genus
522 1867 554 1927 id
575 1886 639 1946 quo
660 1886 780 1928 nomen
799 1867 839 1927 ad
859 1882 979 1947 partem
1003 1869 1154 1930 orationis
1174 1870 1231 1930 ali-

253 1980 348 2040 quam
372 1961 452 2022 trahi
476 1962 680 2041 grammatica
704 1961 860 2042 positione
880 1961 1023 2022 videatur
1048 1983 1141 2024 sensu
1164 1984 1230 2026 non

252 2056 395 2136 patiente.
441 2076 540 2136 pauca
565 2074 730 2137 excerpam
755 2076 793 2117 ex
819 2075 935 2137 magno
962 2076 1096 2118 numero
1122 2079 1231 2120 exem-

251 2151 387 2231 plorum,
408 2150 534 2212 Lucreti
552 2171 581 2228 4,
607 2169 678 2228 1172
700 2149 752 2212 cui
778 2140 903 2213 Veneris
925 2151 1075 2214 membris
1098 2172 1148 2214 vis
1168 2173 1230 2214 om-

250 2244 340 2307 uibus
369 2246 535 2307 exoriatur
565 2247 606 2324 (5,
628 2248 693 2322 750.
724 2247 796 2323 954)
827 2244 945 2324 Vergili
975 2250 1054 2307 Aen.
1090 2266 1140 2323 to,
1171 2249 1230 2326 403

250 2338 352 2401 caedit
377 2339 570 2401 semianimis
598 2339 787 2403 Rutulorum
819 2339 953 2403 calcibus
984 2360 1081 2412 arva,
1117 2341 1231 2403 Horati

250 2433 342 2513 epod.
365 2437 397 2511 5,
424 2435 461 2512 69
496 2433 647 2496 indormit
676 2435 773 2497 unctis
805 2434 943 2496 omnium
972 2434 1123 2498 cubilibus
1153 2436 1231 2499 obli-

250 2528 337 2590 m'oue
351 2526 517 2608 paelicum,
542 2529 684 2608 Properti
705 2548 732 2606 2,
753 2529 800 2607 26,
821 2549 838 2605 7
868 2549 963 2609 quam
982 2528 1074 2592 timui
1091 2532 1231 2610 neforto

250 2631 336 2684 trium
370 2643 462 2684 more
490 2643 599 2685 nomeu
628 2623 760 2686 baberet
790 2623 838 2700 (cf.
869 2623 1013 2686 Boldtius
1048 2625 1086 2688 de
1117 2627 1229 2689 colloc.
1255 2623 1256 2632 ’

250 2719 333 2778 verb.
348 2719 411 2796 99);
431 2718 544 2779 eodem
558 2719 713 2799 pertinent
731 2720 902 2780 verborum
916 2719 1137 2781 collocationes
1151 2740 1229 2800 quas

251 2811 312 2871 iam
340 2811 540 2873 tractavimus
570 2834 597 2872 v.
621 2815 664 2879 57.
687 2813 733 2879 78.
760 2832 806 2890 79.
832 2814 885 2890 80,
917 2813 990 2878 alias
1021 2814 1229 2892 offendemus,

250 2907 383 2968 similior
407 2907 452 2967 illi
475 2907 507 2968 in
528 2928 556 2968 v.
571 2927 608 2986 92
634 2907 720 2968 nulla
746 2907 921 2970 invenietur
951 2929 1046 2990 quam
1078 2929 1160 2989 quae
1191 2913 1229 2972 ab

197 3020 236 3063 ooo
250 3002 363 3063 eodem
389 3017 481 3081 poeta
505 3002 639 3062 admissa
665 3017 710 3062 est
734 3023 762 3063 v.
778 3005 833 3064 205
859 3013 890 3065 et
910 3003 941 3066 in
958 3012 1065 3083 sessos
1088 3005 1230 3084 requiem

249 3095 329 3158 dare
342 3105 506 3178 comparat
515 3106 613 3168 artus,
628 3097 752 3157 nullum
770 3097 918 3159 audacius
937 3099 1118 3178 exemplum
1134 3119 1229 3179 quam

249 3191 337 3270 quod
363 3210 457 3251 ausus
484 3207 530 3252 est
555 3205 646 3270 poeta
673 3192 746 3252 item
775 3192 923 3271 ignobilis
949 3193 1058 3272 Copae
1085 3214 1157 3272 v.4
1190 3194 1234 3256 ad

249 3285 381 3347 cubitum
402 3305 514 3348 raucos
534 3285 690 3348 excutitur
709 3287 860 3362 calamos,·
885 3287 963 3348 nihil
983 3287 1068 3348 enim
1094 3288 1232 3368 ineptius

250 3380 379 3460 cogitari
404 3395 506 3459 potest
526 3398 622 3460 quam
642 3380 764 3461 Syrisca
786 3383 825 3443 ad
851 3381 994 3442 cubitum
1018 3383 1159 3445 calamos
1181 3403 1231 3445 ex-

250 3475 379 3553 cutiens,
410 3475 566 3554 siquidem
585 3491 761 3555 pugnantes
782 3495 909 3537 ercusso
930 3475 1065 3538 iaculum
1086 3487 1233 3557 torquere

249 3569 364 3632 lacerto
378 3569 480 3646 (ovid.
496 3589 532 3630 ex
548 3569 638 3630 Pom.
654 3588 681 3646 2,
703 3591 730 3647 9,
754 3573 798 3647 57,
819 3571 939 3632 heroid.
953 3591 981 3648 4,
1001 3571 1061 3648 43),
1083 3573 1230 3634 bracchia
