2370 4072
453 214 499 259 AD
514 213 541 261 V·
555 226 659 274 3²9·355
987 235 1038 277 101

62 395 100 457 cf.
121 417 164 473 11,
180 396 246 474 834)
273 415 331 457 nec
348 395 553 476 scriptoribus
572 395 720 457 omnibus
735 395 783 472 (cf.
794 393 917 456 Neuius
932 395 1042 473 r,454),

61 490 117 551 sed
139 490 172 550 in
193 491 255 552 vita
269 490 433 551 communi
449 490 630 571 frequenter
644 490 842 571 usurpatum
860 503 895 550 ut
909 488 1042 568 Pompei

62 585 213 662 epistulae
244 586 359 647 docent
384 585 548 648 Ciceronis
578 586 617 647 ad
646 584 788 647 Atticum
817 582 927 645 litteris
947 582 980 660 8,
1009 601 1041 643 12

61 679 214 758 adiectae3
239 680 327 761 quod
350 700 424 742 cum
448 681 545 742 semel
565 680 713 762 posuerit,
738 679 811 742 facit
831 694 865 740 ut
885 678 964 740 solet
984 697 1043 758 po-

61 774 171 854 nitque
191 774 306 836 iterum
324 796 352 837 v.
369 775 424 837 353
445 774 537 837 arada
556 775 638 837 laeta
658 775 753 856 capra.
794 796 822 835 v.
839 774 895 852 340
916 791 990 835 cum
1009 773 1042 834 in
1055 790 1095 836 343

59 869 150 931 initio
170 869 283 950 integri
303 869 427 932 codices
447 870 712 950 tradanturque,
734 884 879 950 excerpta
893 867 1041 946 Parisina,

60 965 262 1045 quantumvis
286 965 477 1026 inmutatum
502 965 612 1027 locum
637 965 803 1027 exhibeant
831 969 902 1037 (cur
926 962 1042 1043 alequas

59 1094 95 1103 -
119 1058 207 1122 danes
230 1059 387 1122 1443333-
412 1059 532 1122 aarum
557 1064 694 1140 sunm),
725 1079 904 1141 pronomen
934 1073 1040 1119 tamen

58 1169 222 1232 testantur;
242 1155 357 1236 quodsi
377 1156 550 1219 Vossianus
570 1157 698 1236 praebet
722 1174 760 1216 ne
782 1154 956 1236 quitquam,
978 1153 1039 1215 hoc

58 1264 160 1328 potest
180 1269 291 1311 verum
312 1270 378 1312 esse
402 1252 440 1329 (v.
455 1251 495 1312 ad
509 1272 537 1312 v.
553 1251 629 1329 318).
669 1250 822 1313 inuectus
841 1271 869 1310 v.
884 1249 924 1310 ad
937 1271 965 1310 v.
985 1268 1091 1315 404341

58 1359 86 1404 et
111 1344 151 1405 de
177 1359 244 1406 toto
268 1346 341 1407 loco
366 1345 414 1408 ad.
436 1367 464 1406 v.
484 1347 535 1425 843
566 1346 603 1408 cf.
626 1345 712 1407 catal.
735 1345 761 1423 3,
782 1364 800 1406 2
821 1364 912 1425 quana
931 1341 1038 1405 ualz'da

57 1437 225 1501 subnixum
252 1439 365 1521 gloria
397 1460 495 1521 regna
526 1439 621 1502 alnus
658 1450 691 1502 et
720 1439 802 1502 caeli
829 1437 954 1501 sedibus
986 1457 1037 1499 ex·

58 1534 179 1596 tulerat.
219 1535 360 1616 sequitur
385 1555 474 1597 omne
496 1536 675 1618 praprnqua
695 1533 869 1614 frangitur
902 1531 1050 1595 mandrae·-

59 1628 112 1691 ula
137 1629 230 1691 dacus
254 1629 355 1708 (denas
381 1646 526 1712 excerpta
547 1632 707 1712 praebent)
728 1630 747 1692 i.
769 1650 796 1691 e.
821 1647 917 1690 omne
942 1628 1038 1689 decus

59 1724 268 1805 propinquam
299 1724 393 1787 habet
423 1726 575 1788 invidiam
605 1726 735 1806 eiusque
771 1724 839 1785 telis
871 1722 1037 1798 invaditur,

58 1820 208 1881 sententia
238 1839 303 1881 non
333 1820 500 1901 aptissima,
531 1839 604 1884 cum
633 1839 698 1881 non
727 1839 817 1881 amne
846 1817 952 1895 decus,
981 1816 1037 1878 sed

58 1933 180 1975 summa
210 1934 355 1995 quaeque
384 1914 581 1993 indicaverit,
614 1929 649 1975 ut
678 1914 784 1995 potius
813 1912 917 1975 tritam
948 1913 1035 1974 illam

59 2024 256 2089 expectemus
285 2011 486 2073 sententiam:
525 2019 662 2072 ntentans
690 2008 775 2072 caela
806 2008 943 2089 Iuppiter
973 2006 1036 2069 alta

57 2103 157 2166 anina
175 2104 265 2184 petia
293 2104 483 2187 summisque
509 2114 656 2187 negatum
680 2114 767 2167 stare
793 2103 862 2176 dria
891 2121 949 2165 cur
961 2100 1037 2182 plus

57 2197 159 2259 ardua
180 2198 302 2261 casibus
316 2199 450 2280 palatas?
473 2201 511 2263 cf.
533 2201 607 2263 Stat.
628 2202 707 2262 Ach.
734 2221 757 2271 1,
783 2201 834 2278 145
855 2217 930 2259 narn
949 2205 1035 2276 supe·

56 2301 130 2355 rant
146 2302 201 2354 tua
220 2303 292 2356 vata
311 2295 438 2358 madum
453 2295 672 2377 placandaque
691 2293 823 2356 multum
843 2292 963 2356 nundin
981 2300 1034 2353 ast.

56 2386 200 2449 inductus
224 2389 276 2450 ille
301 2390 425 2452 videtur
450 2391 576 2454 Lucreti
600 2392 668 2454 loco
690 2394 715 2468 5,
741 2391 812 2452 1125
839 2393 995 2451 ettamen
1017 2407 1034 2448 a

55 2501 183 2556 summa,
203 2485 297 2564 qnasi
303 2484 440 2564 fulmen,
461 2487 554 2550 deun
570 2487 644 2549 nus
663 2485 784 2548 invida
797 2483 953 2547 rutardurn
967 2502 1033 2545 can·

56 2578 189 2658 temptirn
212 2579 245 2641 in
271 2579 413 2643 Tarnzra
437 2591 548 2654 taetra,
579 2581 692 2642 deinde
717 2581 786 2640 4434
816 2578 936 2641 uvida
961 2597 1032 2659 qua·

54 2672 148 2746 naam,
170 2692 223 2735 ceu
233 2674 381 2753 fulmt'ru,
401 2697 525 2739 summa
538 2685 697 2759 vaporant
705 2675 893 2757 plerumque
912 2681 1034 2753 atquae

53 2776 125 2830 sunt
151 2767 224 2830 aliis
252 2771 358 2851 magis
386 2771 470 2833 edita
495 2791 631 2852 cuntqua
682 2790 757 2851 ergo
783 2769 885 2849 aptius
911 2769 1033 2847 legatur

54 2882 141 2924 arnna
156 2864 375 2945 propinquam,
400 2867 517 2929 scilicet
541 2867 638 2929 caelo.
682 2888 710 2926 v.
731 2865 786 2943 343
812 2882 919 2924 rursus
943 2860 1031 2942 quod
1044 2877 1084 2922 343

54 2956 224 3019 Vossianus
245 2960 339 3022 habet
359 2961 470 3023 leniter
490 2976 675 3042 corruptum
700 2974 731 3021 et
750 2959 812 3020 iam
833 2978 851 3019 a
871 2956 1030 3035 Scaligero

54 3053 265 3132 emendatum,
286 3074 448 3117 assensum
468 3057 560 3119 nobis
581 3071 754 3136 extorquet.
795 3054 834 3114 de
847 3074 876 3113 v.
889 3053 943 3130 345
958 3049 1030 3111 vide
1042 3067 1083 3112 343

54 3148 90 3208 ad
106 3149 170 3210 301.
212 3171 239 3210 v.
253 3151 308 3229 347
323 3150 565 3232 philosophatur
585 3165 619 3212 ut
634 3172 663 3212 v.
679 3152 740 3230 193.
773 3171 802 3211 v.
815 3149 866 3210 354
891 3145 1030 3208 minatur
1043 3165 1083 3211 343

55 3239 195 3325 Heynius
221 3245 355 3307 correxit
379 3261 525 3328 recteque
551 3248 590 3309 ad
615 3245 734 3307 undam
759 3243 885 3306 rettulit.
924 3263 952 3302 v.
974 3241 1027 3302 355
1042 3257 1082 3302 354

53 3355 185 3418 egeaque
194 3338 366 3401 Vossianus
375 3360 434 3421 pro
448 3362 582 3422 areaque
596 3342 721 3404 exhibet
735 3343 773 3420 (v.
784 3343 831 3419 s.);
853 3336 1029 3416 Scaligerus
1041 3355 1082 3400 333

54 3431 154 3508 primo
176 3434 351 3497 coniecerat
374 3437 501 3516 Gyraea
521 3439 629 3515 (schol.
650 3435 808 3517 Lycophr.
824 3435 903 3513 390),
923 3431 978 3492 sed
999 3445 1029 3492 et

55 3523 114 3602 ipse
144 3528 222 3589 vidit
253 3544 283 3590 et
308 3529 451 3612 Heynius
477 3550 605 3612 quoque
636 3531 782 3612 exposuit
811 3549 906 3611 quam
937 3530 1028 3592 docte
