2370 4072
465 177 510 225 AD
526 176 619 238 V·³-⁵
780 229 784 233 .
995 196 1033 257 27

10 416 14 423 .
44 361 152 443 pertio
189 359 334 422 maxima
364 358 402 421 de
430 358 528 421 nr‘lrila
557 358 697 422 nascitur
725 357 859 421 historia
889 360 927 437 (2,
952 379 976 433 1,
1001 359 1036 420 16

45 457 83 519 cf.
111 457 170 535 14),
196 453 313 516 Caesar
337 452 458 534 Sulpici
478 453 745 534 Carthaginiensis
769 452 944 515 Aeneidem
970 472 1035 515 ser·

10 571 125 613 zvaris
150 548 265 612 Latiae
290 546 421 611 cortsnlit
442 547 601 611 historiae.
652 569 753 630 genus
779 548 905 629 epicum
932 547 1036 610 imita-

10 649 142 709 2batur
177 649 307 706 murum
343 659 373 705 et
407 645 614 706 mustelarum
644 662 765 725 pugna,
801 643 923 705 Romae
957 642 1035 705 olim

10 766 22 805 ς
51 741 184 816 famosa,
204 737 339 801 historia
351 757 486 820 quornm
499 739 573 802 etin
586 737 726 801 tabernis
731 736 878 818 pingitur
892 737 1036 815 (Phaedr.

10 862 25 898 :2
51 855 78 914 4,
99 835 119 896 6
141 833 181 896 cf.
202 833 294 895 Babr.
317 834 379 911 31);
403 854 420 895 a
442 833 606 895 Musarum
626 833 823 898 invocatione
848 832 957 914 incipit
976 834 1038 895 Ba-

52 927 383 1009 trachomyomachia‚
418 946 491 990 cum
518 948 580 1008 qua
610 948 677 991 non
707 929 891 1010 imprudens
921 928 1038 991 Statius

55 1023 219 1106 componit
259 1021 419 1100 Culicem,
466 1022 506 1084 ad
546 1024 635 1085 cuius
675 1023 829 1084 ludicram
874 1022 1036 1085 historiam

52 1120 204 1184 Phoebus
230 1117 341 1178 Musae
365 1116 455 1179 Pales
485 1117 666 1180 excitantur.
712 1116 730 1202 ἡ
756 1118 845 1194 τάξις
871 1117 1036 1180 heroicum

52 1233 171 1295 poema
210 1211 397 1290 imitabitur,
437 1210 513 1272 item
553 1213 597 1289 (ut
630 1212 843 1275 Buechelerus
875 1212 1036 1290 intellexit,

50 1331 80 1371 v.
94 1329 125 1390 p.
142 1309 209 1386 325)
232 1306 250 1392 ἡ
274 1304 406 1390 porisne:
423 1305 606 1387 notittaeque
620 1305 732 1370 dnenm
745 1327 833 1371 voces
845 1308 910 1370 scil.
922 1327 1065 1372 conso-5

50 1419 131 1467 nent
154 1422 211 1486 per
222 1401 346 1474 ludum,
372 1399 488 1480 quibus
508 1401 610 1463 modis
631 1401 727 1464 duces
747 1401 836 1483 loqui
857 1419 970 1465 notum
992 1418 1037 1464 est

48 1500 148 1560 verba
168 1495 315 1559 carminis
335 1494 504 1576 eligentur;
524 1495 580 1557 ubi
598 1512 726 1577 apparet
745 1513 899 1578 quatenus
913 1497 1036 1577 poetice

50 1592 174 1655 deflexa
198 1590 238 1652 sit
261 1589 388 1653 notitiae
411 1589 598 1672 significatio
624 1612 642 1654 a
666 1591 789 1672 vulgari
816 1612 912 1672 quam
943 1592 1037 1654 habet

50 1708 77 1750 e.
103 1707 134 1768 g.
161 1685 330 1748 Cornelius
355 1685 464 1766 Nepos
488 1688 552 1748 Att.
578 1685 621 1764 18,
645 1706 667 1765 4
695 1685 807 1766 quibus
836 1685 929 1772 libras
958 1686 1042 1750 nnn

42 1790 233 1864 potestesse
251 1779 373 1842 dulcius
396 1779 442 1842 ets
464 1780 521 1862 qni
541 1778 683 1861 aliquam
708 1780 905 1862 cupiditatem
924 1781 1041 1844 babent

48 1874 179 1939 nonaae
191 1873 354 1937 clarorum
366 1874 520 1938 virorum.
553 1875 649 1938 duces
662 1876 750 1938 latini
764 1877 910 1939 carminis
924 1879 1038 1939 heroes

48 1985 140 2032 sunt:
165 1989 219 2032 res
237 1979 348 2050 gestae
373 1990 545 2052 regumque
569 1969 741 2051 ducumque
770 1981 801 2034 et
827 1970 933 2034 tristia
956 1970 1038 2033 bella

48 2084 112 2146 quo
137 2063 238 2126 scribi
254 2074 381 2145 possent
401 2085 532 2129 numero
556 2065 745 2128 monstravit
764 2065 934 2140 Homerus,
959 2065 1038 2128 Ver-

49 2158 148 2241 gilius
168 2158 282 2220 cecinit
300 2169 421 2239 pascua
440 2180 523 2224 rura
549 2160 649 2236 duces,
675 2165 838 2241 Augustus
853 2160 1038 2241 proximum

49 2275 72 2317 a
91 2253 144 2318 dis
162 2252 393 2318 immortalibus
410 2255 560 2318 bonorem
572 2255 745 2320 memorias
760 2255 873 2318 ducum
879 2256 1042 2336 praestitit

50 2350 151 2427 (Suet.
173 2349 231 2428 31),
250 2348 364 2411 virtute
378 2350 508 2429 structos
533 2349 624 2414 duces
649 2353 803 2435 canebant
823 2349 856 2411 in
877 2349 1037 2412 conviviis.

50 2460 88 2506 ut
107 2445 223 2507 heroes
244 2443 358 2524 deique
379 2444 528 2525 loquetur
548 2445 648 2524 culex,
676 2461 710 2508 ut
737 2445 776 2507 de
796 2444 857 2506 illis
878 2444 917 2506 de
938 2445 1037 2507 culice

51 2538 217 2601 referetur.
267 2553 394 2600 utamur
431 2540 591 2622 exemplis.
621 2561 650 2602 v.
672 2543 727 2602 225
758 2540 849 2602 culex
882 2539 1039 2620 queritur:

44 2633 202 2715 praemia
225 2643 299 2696 sunt
314 2632 440 2714 pretatis
463 2632 525 2706 nbi,
545 2633 671 2715 pretatis
694 2633 848 2696 horrores?
878 2634 1039 2696 locutione

51 2728 155 2790 utitur
175 2744 239 2807 qua
254 2727 362 2789 Venus
376 2727 555 2809 Vergiliana
573 2731 611 2807 (1,
627 2731 693 2808 253,
715 2729 752 2791 cf.
770 2729 847 2810 epic.
862 2729 957 2792 Drusi
975 2729 1040 2803 133)

53 2822 106 2886 bic
121 2820 252 2903 pretatis
270 2821 389 2885 boreos?
414 2823 548 2884 culicem
571 2823 688 2886 scilicet
707 2823 805 2886 morti
825 2823 913 2885 mitit
933 2838 1039 2903 pastor

53 2937 82 2978 v.
111 2915 180 2991 188,
226 2919 351 2978 Aeneas
397 2915 495 2980 Talon
534 2916 727 2999 Tanaimque
765 2917 834 2981 neci
858 2917 1041 2996 sortemque

59 3009 240 3091 Cethegum,
260 3010 321 3074 tris
333 3031 394 3074 uno
407 3031 584 3093 cmgressn,
604 3022 636 3075 et
652 3021 805 3075 maestum
822 3009 916 3072 mittit
929 3008 1040 3074 Oniten

10 3146 14 3155 ·
59 3109 146 3182 (Aen
164 3126 207 3184 12,
224 3109 289 3184 515,
311 3105 348 3168 cf.
363 3106 437 3168 Stat.
457 3107 559 3169 Theb.
579 3126 622 3183 12,
643 3108 719 3187 764).
755 3125 830 3186 ergo
851 3103 1040 3166 oeconomia

10 3196 16 3273 ἷ,
62 3216 89 3262 et
118 3201 258 3265 elocutio
289 3201 410 3283 epicam
441 3199 704 3263 consuetudinem
738 3198 913 3279 expriment
943 3200 976 3261 in
1006 3218 1039 3260 re

10 3286 17 3360 ,ἶ
63 3295 175 3359 scilicet
194 3316 261 3359 non
275 3297 363 3375 seria,
384 3311 419 3358 ut
438 3296 555 3358 factum
572 3294 715 3356 videmus
735 3293 768 3354 in
789 3292 927 3354 carmine
947 3311 1041 3372 paro·

17 3442 20 3447 .
67 3389 131 3452 dico
157 3410 195 3453 ex
221 3389 404 3470 antiquitate
434 3409 545 3471 graeca
575 3405 707 3466 servato,
738 3403 772 3449 ut
801 3387 918 3467 incepit
943 3387 1039 3449 Timo

10 3500 28 3587 p
68 3483 173 3549 ἔσπετε
205 3491 266 3550 νῦν
297 3508 354 3568 μοι
387 3487 522 3568 μοῦσαι,
550 3499 589 3574 ⁴ut
613 3483 765 3546 Horatius
795 3502 921 3545 carmen
952 3481 1041 3564 quasi

22 3594 29 3639 1
