2536 4200
415 355 459 401 nt)
474 356 601 414 V.94-109
611 369 644 412 sq.
981 375 1020 434 47

42 533 136 595 mode
161 534 295 614 positam
321 535 395 599 dicit
421 535 558 599 Naekius
579 556 608 617 p.
627 556 693 616 297,
725 551 807 598 certe
837 555 902 597 non
932 537 1020 599 aliter

41 629 147 708 posuit
166 629 323 710 Vergilius
343 651 404 694 nan
417 629 565 711 passibus
581 631 698 711 aequis,
719 630 862 693 Catullus
881 630 973 695 haud
987 632 1020 696 in

40 733 175 804 tempore
199 723 299 805 langa,
324 725 418 787 etiam
445 726 566 788 Gellius
591 745 652 788 nan
675 725 797 788 bamini
819 724 937 788 arelacta
962 727 1019 804 (18,

40 839 67 896 9,
87 820 127 898 4).
167 818 222 880 sed
245 819 379 883 salailum
403 840 530 883 carmen
555 819 789 900 interpretando
815 839 944 900 operam
970 823 1019 882 lu·
1032 834 1071 880 ιω

40 927 148 974 serunt
173 912 231 974 viri
267 914 359 977 docti.
393 949 431 960 -
464 935 492 977 v.
518 935 567 977 101
606 928 712 976 contra
747 914 924 994 analogiam
955 916 1019 978 for·
1033 931 1070 975 tot

40 1007 136 1070 mavit
165 1008 325 1082 incoactus,
355 1009 443 1090 quod
473 1027 547 1070 cum
575 1007 751 1088 significare
780 1008 923 1073 debuerit
953 1031 1019 1074 non

39 1117 192 1178 evectum,
212 1103 387 1184 significare
407 1101 508 1164 voluit
532 1118 676 1164 evectum
699 1102 732 1164 in
756 1104 873 1178 locum,
903 1105 1020 1169 scilicet

39 1197 70 1258 in
90 1198 242 1260 mundam
260 1199 442 1272 aetlzere'um,
464 1197 552 1260 cuius
572 1197 695 1277 generis
713 1199 887 1278 composita
901 1217 1017 1262 novare

39 1291 160 1353 facilius
200 1292 328 1356 Graecis
370 1292 641 1374 praepositionum
686 1310 762 1353 usus
806 1294 1017 1372 permittebat:

38 1388 173 1473 λικανίῳ
206 1390 268 1472 γὰρ
300 1389 513 1474 ἐναπονίψεις
539 1387 694 1470 ἐνεξεμετς
718 1387 918 1464 ἐνεκπλυνετς
939 1390 1017 1456 ἐνα-

37 1482 240 1568 ποπατήσεις
259 1484 428 1566 Polyzelus
448 1482 533 1563 apud
547 1481 712 1544 Pollucem
730 1501 772 1560 ιο,
794 1482 840 1560 76.
882 1484 1018 1564 apertius

37 1577 131 1638 etiam
153 1575 230 1656 quid
250 1576 386 1639 voluerit
405 1593 498 1658 poeta
521 1595 586 1640 non
612 1575 709 1638 semel
734 1596 885 1658 usurpare
908 1580 1017 1642 solitus

36 1672 135 1734 semel
149 1672 220 1734 usui
234 1673 377 1752 adaptata
390 1671 527 1734 ostendit
540 1692 568 1732 v.
581 1672 633 1750 341
655 1671 719 1734 iret
735 1670 886 1734 meatus
899 1674 1018 1738 caelum

35 1777 138 1847 saper.
175 1785 249 1828 sane
260 1767 379 1847 Vergili
390 1767 447 1829 Sol
457 1766 593 1828 iavecaas
605 1766 692 1846 equis
701 1764 799 1827 altum
804 1767 1019 1846 petitaetlaera

36 1863 155 1942 (georg.
169 1862 195 1934 3,
208 1862 283 1941 358).
315 1861 402 1941 quod
413 1860 475 1922 diei
488 1876 614 1941 tempus
623 1860 762 1922 indicare
772 1861 846 1923 velit
855 1865 1017 1943 sequentia

36 1955 221 2017 ostendunt:
242 1955 404 2036 aramque
428 1953 566 2017 aetiam
587 1955 676 2034 ponit
696 1953 880 2018 da'scrtinaita
904 1956 1018 2020 manda
1031 1974 1069 2020 tot

35 2071 99 2131 qua
113 2050 190 2112 iacit
203 2049 359 2115 Oceanum
363 2049 520 2131 flammas
533 2049 565 2112 in
578 2059 744 2129 utrumque
756 2059 895 2129 rapaces,
909 2070 945 2112 ea
959 2050 1019 2113 sci·

35 2146 108 2207 licet
129 2145 206 2206 caeli
227 2145 356 2225 regione
377 2143 440 2205 iam
460 2136 518 2206 iter
538 2143 618 2222 facit,
641 2163 703 2225 qua
723 2143 888 2206 Oceanum
910 2161 940 2207 et
960 2151 1018 2207 At-

35 2239 187 2302 lanticum
202 2255 231 2302 et
245 2240 350 2302 Eoum
363 2239 527 2304 inlustrare
541 2239 649 2318 possit,
667 2239 687 2301 i.
699 2260 724 2301 e.
739 2239 773 2300 in
786 2257 913 2300 summo
928 2240 1015 2302 caelo

27 2335 121 2416 panz't
132 2334 325 2406 descreinina,
347 2334 384 2395 cf.
399 2337 478 2395 Aen.
498 2354 540 2410 11,
561 2335 612 2412 143
633 2333 714 2397 lucet
728 2335 783 2397 aaa
802 2333 893 2414 longa
907 2333 1017 2397 adare

25 2430 243 2510 flammarum
274 2436 306 2490 et
336 2427 397 2491 late
426 2427 625 2491 dt'scrt'taaz'ttat
651 2448 762 2510 agras,
793 2428 885 2490 Lucr.
908 2431 934 2507 5,
958 2429 1016 2509 690

34 2533 169 2605 aequata
182 2523 301 2586 caelum
314 2522 494 2586 dtscrimina
506 2531 634 2585 metans.
673 2520 780 2583 aestivi
796 2522 859 2585 diei
873 2538 1015 2604 quartam

35 2620 100 2681 fere
122 2620 235 2680 horam
256 2617 418 2698 significat,
444 2637 507 2698 qua
533 2617 675 2679 officium
699 2636 793 2678 suum
818 2617 891 2680 facit
910 2635 1016 2699 pastor

34 2729 64 2775 et
91 2732 223 2795 gregem
247 2712 287 2773 ad
312 2711 416 2773 rivum
440 2711 503 2793 agit
528 2710 715 2792 (repetebant
735 2731 763 2772 v.
789 2715 841 2773 105
864 2713 1015 2792 quoniam
1030 2735 1067 2780 tos

33 2805 237 2869 redeundum
251 2822 315 2869 erat
329 2806 410 2868 infra
425 2807 541 2868 montis
554 2805 686 2886 iugum),
707 2805 882 2867 secundum
897 2807 1016 2886 Vergili

33 2921 145 2982 georg.
161 2903 189 2979 3,
204 2903 260 2980 327
274 2922 319 2983 sq.
339 2901 388 2980 (cf.
403 2900 553 2963 Varronis
572 2920 629 2961 rer.
647 2915 721 2961 rust.
737 2919 764 2977 2,
779 2919 806 2975 2,
824 2920 858 2962 10
868 2920 923 2980 sq..
945 2901 1015 2962 Col.

32 3016 60 3075 7,
83 2998 111 3074 3,
135 2997 172 3056 23
187 2997 253 3075 sq.).
294 2995 407 3058 deinde
428 2997 465 3074 (v.
485 3015 537 3074 107
558 2994 624 3056 iam
638 2993 1016 3075 madtasoperumpartes
1029 3015 1067 3059 tut

31 3101 155 3153 evectus
175 3099 248 3152 erat
263 3089 322 3169 sal)
343 3089 447 3152 statim
467 3105 539 3170 post
559 3089 723 3151 meridiem
744 3087 888 3166 (aesa'bus
906 3087 1017 3150 medai's

32 3184 195 3266 Vergilius
216 3205 243 3245 v.
261 3185 326 3263 331)
352 3185 385 3245 in
414 3183 524 3245 silvam
556 3183 688 3263 capellas
719 3182 812 3262 cogit.
862 3182 1017 3244 contrahit

33 3279 100 3340 duo
127 3277 232 3340 officia
258 3279 446 3359 Calpurnius
469 3281 494 3351 5,
521 3277 634 3357 56-59
654 3277 702 3355 (56
721 3276 758 3338 cf.
780 3275 872 3356 Verg.
892 3296 920 3335 v.
939 3277 1014 3354 328).

113 3373 151 3433 In
170 3392 263 3434 versu
281 3394 334 3453 109
354 3383 390 3436 ut
400 3372 516 3453 procul
524 3372 649 3453 aspexit
659 3371 725 3433 laco
740 3368 880 3433 resedere
891 3370 1091 3444 vireatitossu.

29 3467 132 3530 Delia
146 3465 232 3539 diva,
246 3476 296 3529 tua
308 3466 377 3546 quis
388 3467 569 3529 criticorum
580 3487 645 3528 non
657 3466 729 3528 fecit
743 3465 861 3546 ingenii
870 3465 1014 3545 vestigia?

29 3563 86 3624 sed
110 3561 219 3623 nullus
240 3581 318 3642 apex
337 3561 451 3622 mutari
468 3562 569 3623 debet.
610 3581 706 3642 quam
722 3575 922 3642 expectamus
940 3580 1017 3641 apo·

30 3658 137 3735 dosin‚
154 3675 223 3718 eam
241 3675 307 3717 non
321 3656 455 3718 reddidit
469 3671 571 3737 poeta,
587 3657 729 3736 quaesito
748 3655 864 3719 scilicet
884 3655 1015 3718 artificio
