2528 4202
233 273 235 280 ’
256 282 309 344 108
610 276 869 326 courrrurmuvs

252 462 391 524 marinus
427 476 538 542 sponte
569 459 706 523 nascitur
740 478 842 539 neque
872 457 905 518 in
938 457 1014 518 aviis
1048 456 1237 538 regionibus

252 556 423 637 quicquam
444 555 565 618 colitur.
606 572 671 616 non
692 553 835 634 ineptum
861 552 942 640 foret
966 571 1026 614 non
1051 553 1127 614 aveo
1146 561 1236 626 hera,

251 651 288 712 cf.
312 653 350 712 de
375 669 446 712 rore
473 649 596 711 marino
617 648 696 711 Plin.
718 667 765 728 24,
786 669 824 728 99
839 645 933 726 foliis
957 646 1036 709 oder
1055 647 1144 726 turis,
1172 667 1236 709 nec

250 748 387 807 obstaret
411 745 444 806 in
469 745 531 806 hoc
556 758 649 824 poeta
678 743 765 823 quod
791 741 932 822 sequitur
960 741 1120 823 herbaque
1149 743 1238 805 turis

249 850 319 922 opes
331 838 451 921 priscis
470 839 592 902 e'mitm
612 836 750 910 salma·
779 836 870 898 aoeies
889 852 996 900 autem
1014 837 1236 918 longinquum

249 950 279 998 et
300 935 460 997 diversum
478 933 633 1014 significat
645 932 712 993 sine
726 930 857 993 notione
870 933 1041 994 aberrantis
1055 952 1073 993 a
1086 932 1136 993 via
1158 952 1187 994 e.
1203 952 1234 1012 g.

249 1029 347 1092 Statio
366 1029 432 1092 silv.
446 1050 475 1108 4,
498 1031 524 1108 5,
546 1048 583 1108 29
601 1037 667 1090 tene
686 1026 719 1089 in
738 1024 866 1089 remotis
879 1025 1025 1108 Syrtthus
1037 1025 1112 1088 avait
1124 1025 1237 1107 Lepta

249 1122 387 1186 creavit?
409 1126 434 1202 5,
448 1143 508 1203 2,2
528 1143 583 1186 nec
603 1121 698 1202 hnga
717 1120 993 1184 hwrastautavia
1006 1119 1104 1194 tellus,
1123 1121 1234 1183 Theb.

253 1240 275 1296 r,
294 1221 347 1298 159
367 1237 505 1299 quasque
516 1215 635 1298 procul
650 1225 755 1278 terras
768 1213 889 1297 obliquo
901 1215 1005 1278 sidere
1018 1217 1121 1298 mugit
1137 1216 1236 1278 avius

247 1313 336 1374 aliter
370 1332 466 1392 quam
499 1311 616 1393 procul
648 1310 740 1373 avim
770 1330 866 1373 erras
902 1310 1020 1372 dixerat
1053 1309 1233 1370 Lucretius.

247 1407 396 1469 Heinsius
424 1407 512 1488 quod
537 1405 672 1468 coniecit
696 1404 783 1467 rores
805 1425 867 1468 non
891 1404 968 1468 avait
991 1404 1084 1467 turba
1106 1405 1236 1467 marini

246 1523 312 1565 non
333 1502 476 1583 displicet
496 1500 555 1562 nisi
574 1500 663 1582 quod
684 1499 763 1561 nihil
784 1500 878 1563 habet
895 1500 935 1562 ad
949 1519 1054 1563 rorem
1068 1497 1233 1561 marinum

193 1611 233 1656 404
246 1597 447 1679 potissimum
467 1596 554 1677 quod
572 1595 727 1680 pertinere
740 1594 890 1657 videatur.
931 1595 970 1657 de
988 1592 1088 1657 herba
1102 1592 1233 1656 Sabina

247 1691 367 1753 Plinius
387 1709 434 1770 24,
460 1710 512 1753 102
537 1689 637 1753 herba
661 1689 784 1754 Sabina
809 1726 845 1736 -
870 1711 892 1752 a
915 1689 1022 1753 multis
1044 1687 1076 1751 in
1100 1688 1234 1768 suffitus
1258 1771 1259 1778 ἵ

238 1796 303 1867 pro
328 1794 398 1848 ture
422 1784 615 1859 adsumitur,
642 1785 772 1847 Catonis
798 1786 838 1848 de
858 1785 924 1866 agri
945 1785 1017 1846 cult.
1038 1803 1085 1860 70,
1111 1803 1120 1844 1
1146 1784 1233 1846 turis

239 1900 352 1962 grana
369 1880 443 1954 tria,
463 1878 581 1943 herbae
592 1878 733 1942 Sabehae
743 1879 874 1961 plantas
886 1888 958 1951 tres,
979 1898 1019 1940 ne
1034 1877 1104 1959 quis
1117 1897 1232 1939 rursus
1258 1901 1259 1904 ¹

245 1973 376 2038 Sabinis
395 1973 529 2037 scribere
550 1973 693 2035 animum
714 1975 856 2053 inducat;
868 2033 870 2036 .
882 1973 969 2054 quod
989 1972 1131 2035 fecerunt
1155 1989 1232 2055 post
1258 1987 1259 2018 l

246 2068 338 2131 Italos
359 2070 510 2151 plerique,
530 2088 612 2130 unus
632 2068 714 2130 inter
734 2070 921 2132 recentiores
942 2067 1153 2130 Baehrensius
1175 2089 1232 2130 ve*
1258 2125 1259 2128 ,

193 2180 232 2224 405
246 2183 312 2225 ram
337 2165 523 2245 scripturam
547 2163 656 2225 tenuit.
701 2163 881 2246 chrysantes
905 2183 964 2244 pro
994 2163 1230 2244 chryanthemo

245 2257 402 2320 invenitur
422 2258 506 2340 apud
527 2258 722 2320 Nicandrum
741 2263 782 2337 (v.
796 2261 835 2340 69
859 2257 1042 2346 χρυσανθὲς
1062 2252 1228 2344 ἀμέργων)

244 2353 328 2413 unde
350 2352 487 2433 Scaliger
507 2353 558 2415 hic
579 2353 724 2434 restituit;
754 2375 812 2416 nec
837 2353 1000 2436 probabile
1025 2367 1071 2414 est
1096 2352 1130 2413 in
1154 2372 1228 2414 raro

244 2446 329 2508 floris
349 2448 479 2510 nomine
497 2449 609 2511 veteris
627 2449 802 2530 vulgarisve
822 2449 856 2510 in
869 2446 1091 2511 transferendis
1105 2447 1228 2528 graecis
1258 2475 1259 2482 ¹

244 2539 427 2603 nominibus
447 2543 683 2606 consuetudinis
707 2545 888 2624 exemplum
913 2542 1118 2624 deprehendi,
1140 2562 1228 2605 rece-

244 2635 423 2717 pissemque
452 2636 540 2715 illud,
570 2638 630 2699 nisi
660 2638 800 2700 viderem
824 2637 918 2700 etiam
947 2638 1139 2724 χρύσανθος
1162 2637 1227 2699 for-

244 2731 323 2792 mari
338 2751 439 2812 posse,
461 2731 498 2793 cf.
514 2733 703 2814 χάλκανθος
725 2733 865 2818 οἰνάνθη
887 2736 987 2818 ἄνθη,
1012 2747 1042 2794 et
1060 2732 1148 2813 apud
1162 2733 1227 2794 Pli-

244 2825 333 2887 nium
354 2825 386 2887 in
408 2826 568 2889 codicibus
590 2847 656 2889 esse
670 2846 717 2904 21,
736 2828 789 2890 168
808 2827 1036 2910 heliochrysum
1056 2826 1117 2890 alii
1136 2827 1226 2907 chry-

242 2921 373 2984 santhon
393 2930 511 2996 vocant,
532 2922 587 2983 ubi
607 2943 681 2984 sane
702 2943 740 2984 ex
761 2922 945 2985 Dioscoride
966 2921 1227 3002 chrysanthemon

190 3018 477 3080 406substituerunt.
527 3038 555 3078 v.
576 3017 634 3095 406
658 3016 804 3080 bocchum
827 3018 940 3080 florem
964 3016 1150 3079 fruticemve
1172 3037 1227 3078 co-

242 3111 424 3190 gnoscimus
460 3131 478 3172 a
513 3111 627 3173 Mauro
665 3133 738 3193 rege
772 3113 986 3192 nominatum,
1027 3130 1125 3191 quem
1158 3112 1225 3173 sive

243 3205 466 3286 Iugurthinum
491 3208 581 3269 illum
605 3208 680 3288 sive,
710 3208 797 3288 quod
822 3209 924 3270 multo
944 3206 1139 3288 probabilius
1169 3220 1226 3284 est,

242 3298 400 3362 iuniorem
420 3321 529 3384 regem
542 3303 785 3364 Caesareensem
798 3303 1018 3384 intellegimus,
1034 3303 1112 3363 haec
1126 3304 1224 3363 verba

242 3391 358 3474 Libyae
377 3397 465 3480 regis
483 3417 605 3461 memor
623 3399 715 3480 plane
736 3398 905 3460 ostendunt
926 3417 1052 3460 carmen
1070 3397 1225 3477 scriptum

243 3506 307 3548 esse
332 3504 404 3568 post
422 3511 448 3552 a.
470 3511 501 3553 u.
522 3511 588 3571 721,
620 3511 684 3572 quo
715 3494 791 3555 alter
818 3492 963 3556 Bocchus
991 3509 1138 3555 mortuus
1169 3509 1223 3555 est.

244 3603 308 3661 quo
319 3600 505 3662 argumento
520 3602 680 3649 uteremur
694 3602 801 3650 contra
816 3587 961 3650 carminis
976 3588 1135 3669 originem
1145 3590 1224 3652 Ver-
