2370 4072
186 263 225 325 88
545 264 804 313 COMMENTARIVS

186 443 346 507 condicio:
367 444 482 526 dignus
501 465 594 508 amor
613 445 714 523 ventis,
729 455 863 528 gramm
882 445 913 508 si
935 443 1075 508 Tartara
1092 463 1145 506 nos·

136 565 141 575 ·
185 544 274 602 sent?
308 540 417 603 debuit
441 561 516 603 sane
542 540 667 605 verrrnm
690 541 722 604 'si
744 540 885 604 Tartaro
910 548 1040 616 nossent,
1069 554 1097 602 et
1115 557 1146 600 ne

185 634 230 696 sic
255 635 386 716 quidem
411 636 451 698 ad
476 644 597 699 rectum
623 637 719 701 finem
746 634 948 717 perduxisset,
965 635 1146 709 enuntiatum

185 731 224 791 ab
238 731 371 811 apodosi
387 731 542 812 generalis
556 731 728 795 sententiae
746 730 906 812 incipiens.
940 750 981 792 ne
994 730 1145 810 adsumpto

185 823 315 904 quidem
328 826 523 888 substantivo
530 835 667 907 granam
679 824 711 887 si
723 824 755 888 Τ
749 835 864 888 antara
876 834 1001 889 nossent
1005 832 1146 905 pcccann

184 918 262 980 haec
282 919 469 1000 vituperatio
490 921 638 997 evitatur,
659 938 733 982 nam
747 921 834 1001 quod
847 919 938 982 venia
951 920 1084 1001 dignum
1095 936 1146 987 non

184 1013 278 1075 etiam
297 1015 450 1078 continuo
467 1026 592 1095 gratum
608 1031 772 1097 peccatum
787 1028 843 1079 esta
877 1014 922 1081 sic
940 1015 1073 1083 sentitur
1091 1020 1147 1094 gra'-
1175 1030 1180 1085 ι

184 1107 270 1169 datio
290 1111 461 1175 sententiae
487 1132 505 1174 a
529 1110 677 1173 veniabili
704 1111 743 1173 ad
763 1126 897 1191 gratum,
924 1129 1022 1216 quam
1035 1110 1087 1172 ita
1106 1127 1181 1170 er·
1174 1088 1180 1135 ¹

183 1203 255 1264 tulit
279 1219 386 1284 poeta:
417 1205 532 1287 dagnus
554 1226 648 1271 amor
671 1205 777 1280 arentin
800 1214 943 1286 gramm,
967 1204 1012 1267 si
1022 1203 1152 1273 Tartara
1179 1216 1182 1259 ι

183 1308 314 1372 nossent,
338 1308 508 1379 peccamnt,
538 1301 703 1363 scilicet
679 1322 721 1361 sr
732 1315 857 1407 gratum
882 1314 1021 1373 nossent,
1044 1299 1101 1361 nist
1093 1276 1182 1364 stab·

183 1391 290 1453 inieris
310 1393 411 1456 aliena
431 1410 512 1461 esset
531 1395 610 1475 grati
631 1395 752 1463 notio.¹
768 1394 893 1484 respicit
906 1393 1057 1475 igiturad
1068 1391 1151 1456 illud:

176 1495 318 1566 pontone
337 1498 493 1569 respectus
511 1499 543 1553 et
555 1510 636 1553 nnnc
647 1500 761 1564 nnnc,
784 1479 936 1573 Orpbeus,
956 1491 1061 1558 ente?
1078 1492 1153 1566 (nam

175 1589 318 1660 poenane
337 1583 468 1645 fortasse
488 1605 561 1647 vera
581 1601 627 1647 est
647 1586 834 1655 Schenkelii,
846 1586 1012 1664 correctio)
1032 1606 1069 1648 ac
1089 1581 1153 1646 dicit

182 1695 248 1738 non
275 1692 397 1741 tantum
421 1679 518 1757 iram,
539 1681 595 1742 sed
618 1701 657 1743 ne
680 1681 837 1747 tristitiam
863 1681 993 1764 quidem
1017 1677 1154 1760 ‚coniugis

106 1811 119 1833 ..
147 1823 150 1828 .
182 1772 315 1834 excitare
327 1773 473 1836 debuisse
488 1774 624 1840 nimium
633 1785 776 1840 amorem
787 1775 917 1857 Orphei.
937 1775 1154 1848 additament,

182 1876 301 1930 tannem
325 1887 506 1930 maerorem
526 1870 701 1951 Eurydicae
722 1870 840 1937 iterum.
856 1869 1035 1952 respiciens,
1058 1867 1155 1932 memi-

182 1961 265 2024 nisse
277 1981 385 2043 grave
403 1971 457 2036 est,
483 1964 634 2028 nimirum
659 1975 726 2027 'non
754 1965 859 2030 mirari
883 1985 917 2027 se
937 1965 1094 2032 tristitiam
1112 1983 1160 2047 ref,

184 2056 341 2118 cordantis
361 2058 482 2121 tristem
502 2058 546 2120 rei
568 2075 715 2127 eventum
736 2079 772 2122 ac
793 2060 921 2123 fortasse
943 2080 982 2122 ne
1004 2057 1161 2176 irascentis·

183 2150 321 2229 quidem.
589 2160 597 2171 '

260 2249 364 2325 Atque
393 2247 446 2310 hic
476 2248 565 2313 locus
595 2269 661 2312 esse
690 2248 814 2311 videtur
844 2249 996 2312 monendi
1026 2250 1067 2311 de
1092 2264 1154 2311 toto

183 2338 316 2401 consilio
337 2342 425 2421 quod
445 2358 538 2424 poeta
560 2343 592 2405 in
612 2343 788 2406 inferorum
806 2343 1015 2426 descriptione
1035 2359 1155 2406 secutus

181 2432 235 2508 sit;
262 2433 301 2495 de
322 2442 387 2516 quo'
409 2437 487 2500 nihil
512 2438 572 2499 nisi
598 2440 705 2500 turbas
726 2438 867 2505 fecerunt
887 2454 1156 2513 commentatores,

183 2545 256 2588 cum
282 2549 347 2591 non
373 2531 656 2595 animadverterent
681 2533 773 2613 plane
799 2531 953 2595 diversam
983 2542 1051 2595 oss'e
1075 2533 1155 2597 illam

183 2623 301 2686 Culicis
322 2626 534 2708 aVergiliana
554 2626 861 2709 inferorumspecie¹
895 2641 990 2708 atque
1004 2627 1155 2709 Vergilius

182 2717 312 2797 quidem
325 2723 468 2784 Aeneam
489 2722 662 2784 admissum
682 2722 722 2784 ad
737 2721 855 2784 inferos
871 2721 958 2783 ducit
971 2722 1021 2800 (cf.
1035 2721 1155 2785 Servius

181 2814 222 2874 ad
242 2814 270 2892 6,
289 2815 358 2894 426)
386 2835 442 2896 per
467 2817 635 2879 infantium
655 2819 735 2896 loca,
762 2836 818 2898 per
838 2817 1062 2885 damnatorum
1083 2819 1154 2880 falso

182 2908 322 2988 crimine,
343 2928 399 2990 per
419 2911 682 2992 interemptorum
701 2912 829 2993 propria
843 2911 1087 2990 manu,deinde
1107 2929 1155 2993 per

182 3003 320 3085 Ingentes
342 3015 468 3086 campos
492 3007 547 3068 ubi
572 3006 712 3069 habitant
740 3026 818 3088 qnos
841 3005 941 3071 durus
969 3025 1064 3077 amor
1093 3024 1156 3073 cru:

181 3097 247 3160 deli
263 3098 333 3161 tabe
357 3099 494 3180 peredit,
521 3100 668 3163 Phaedra
688 3101 819 3178 scilicet,
844 3102 977 3190 Procris,
1002 3101 1155 3183 Eriphyle,

181 3192 321 3270 Euadne,
344 3193 506 3273 Pasiphae,
527 3194 709 3274 Laodamia,
731 3198 884 3275 Caeneus,
908 3196 1048 3277 denique
1062 3197 1155 3269 Dido,

181 3301 330 3349 secuntur
350 3287 435 3350 bello
449 3287 533 3367 clari,
553 3289 684 3371 Tydeus
699 3306 729 3352 et
742 3291 903 3369 Adrastus,
924 3309 1156 3373 oppugnatores

180 3379 297 3444 Troiae
318 3397 348 3444 et
369 3382 562 3461 defensores3
588 3401 656 3447 tum
678 3385 800 3455 Tartari
821 3384 947 3448 moenia
973 3399 1007 3448 et
1031 3386 1157 3449 damna·

180 3488 286 3537 torum
307 3475 416 3553 series,
442 3479 569 3549 tandem
589 3479 742 3552 menete,
759 3479 954 3552 locoslastos
967 3482 1160 3561 ——Jontnnoz

179 3576 282 3631 torum
305 3583 468 3634 nemornrn
487 3572 632 3655 sedesque
652 3574 766 3647 beatas,
808 3575 1028 3656 hi'c,Orpheus
1053 3578 1160 3658 piique
