2528 4202
259 317 297 378 62
616 309 876 358 counuurntuvs

260 496 374 578 probat
397 513 505 560 versus
531 492 587 573 qui
610 490 753 572 sequitur
782 490 859 552 item
888 489 929 552 ad
958 502 1051 569 caput
1081 487 1239 570 pertinens

260 609 335 656 cum
348 589 462 652 oculis:
481 596 664 668 aspectuque
680 584 779 648 micat
786 583 1002 667 flammarum
1015 581 1132 646 hatum
1144 591 1240 654 torvo,

260 705 327 767 quo
347 683 380 750 in
400 701 492 746 versu
512 680 592 744 nihil
612 694 658 742 est
671 680 760 762 quod
773 677 993 762 reprehendas,
1013 676 1039 738 si
1059 685 1148 742 torvo
1167 687 1240 738 cum

260 787 383 860 aspectu
402 776 576 858 coniungas
596 795 635 837 ex
656 775 789 838 consilio
816 787 927 855 poetae
948 771 1187 853 compositionis
1207 787 1240 830 ut

260 873 377 936 scimus
397 871 526 934 artificia
547 870 725 951 quaerentis
745 885 776 933 et
796 883 959 952 aspectum
971 866 1159 950 appellantis
1179 881 1241 927 tor-

260 985 339 1029 vum
364 964 580 1048 flammarum
610 963 726 1028 lum
755 967 873 1045 (georg.
901 964 927 1037 3,
956 963 1014 1042 433
1035 960 1241 1046 flammantia

261 1060 384 1126 lumem
403 1069 557 1142 torqtmrs,
576 1063 656 1121 Aen.
670 1061 696 1137 5,
716 1077 772 1138 ²77
792 1057 969 1139 aramque
987 1055 1084 1120 oculu
1102 1065 1136 1119 et
1151 1053 1241 1118 sibila

262 1154 343 1222 colla
366 1153 489 1218 aratus
512 1153 662 1226 attollm,
692 1153 746 1216 Sil.
767 1155 795 1232 6,
822 1173 880 1216 220
903 1151 1032 1233 gemirw
1060 1149 1100 1216 dc
1129 1151 1242 1214 lttmine

253 1249 413 1332 fitlgttrat
432 1247 517 1331 ἐμὼ
541 1263 571 1310 et
590 1249 689 1327 alia).-
710 1267 787 1329 ergo
811 1247 863 1311 cui
883 1247 981 1311 crata
1005 1255 1140 1327 superne
1163 1244 1242 1308 editu

264 1345 374 1427 capitis
393 1344 427 1405 in
447 1342 646 1408 altitudinem
671 1341 765 1405 erecti
789 1342 954 1406 cumulum
980 1341 1053 1404 satis
1077 1341 1243 1422 significan

264 1458 323 1519 pro
342 1446 375 1501 et
389 1459 424 1500 se
442 1453 549 1500 autem
569 1457 636 1500 non
655 1439 789 1499 verbum
810 1435 1035 1514 desideramus,
1056 1436 1146 1518 quod
1167 1451 1243 1498 extat

263 1554 292 1594 v.
313 1550 375 1612 172,
400 1534 455 1596 sed
482 1533 653 1595 sententiae
677 1531 825 1594 satisfacit
849 1532 938 1613 quod
960 1531 1054 1612 posui
1074 1551 1156 1595 ecce:
1185 1531 1244 1592 iam

263 1642 433 1709 postquam
456 1642 551 1709 caput
575 1627 695 1706 extulit,
726 1626 833 1707 capitis
858 1626 979 1708 species
1004 1641 1035 1689 et
1059 1626 1150 1688 color
1174 1644 1244 1686 con-

263 1721 403 1802 spicitur.
462 1723 519 1785 sed
558 1736 675 1784 certam
713 1721 817 1784 dicere
862 1720 1119 1784 emendationem
1162 1719 1244 1781 nolo.

212 1833 253 1879 ut
264 1836 293 1878 v.
312 1834 366 1896 174
384 1816 522 1880 mahat
539 1817 658 1879 circum
674 1836 707 1880 se
721 1815 799 1895 loca,
820 1814 888 1880 loca
907 1813 1098 1896 contemplat,
1118 1814 1244 1878 circum-

263 1919 381 1992 spectat
396 1931 472 1989 rese,
493 1926 527 1974 ut
548 1926 594 1973 est
614 1910 647 1974 in
667 1910 861 1974 Trinummo
879 1909 946 1971 863.
987 1929 1062 1972 cum
1081 1925 1245 1991 pervagata

264 2005 327 2068 sint
359 2005 427 2086 agri
460 2006 599 2087 porticus
632 2021 731 2068 castra
766 2013 883 2068 mua
920 2020 950 2068 et
983 2004 1105 2068 Seneca
1137 2004 1258 2084 dixerim

265 2101 350 2182 Thy.
368 2101 427 2179 462
453 2098 559 2162 nudes
582 2099 664 2162 mr'lri
683 2098 769 2163 ultra
793 2100 888 2166 Getas
906 2108 1043 2164 nutamr
1060 2109 1093 2162 et
1109 2099 1246 2162 Parthus

265 2213 347 2274 ager
371 2192 467 2270 (idem
487 2194 603 2256 Phaed.
626 2194 682 2256 506
707 2213 789 2256 nunc
811 2195 950 2258 nemoris
977 2194 1038 2258 adi
1062 2194 1160 2258 densa
1189 2213 1257 2280 nte-5

266 2297 353 2352 eamr
371 2286 459 2364 loca),
479 2287 531 2350 hic
553 2308 661 2352 versus
684 2287 817 2354 activam
840 2289 977 2352 formam
999 2304 1138 2368 testatur,
1159 2289 1257 2351 valdel

266 2381 540 2444 accommodatam
574 2384 661 2446 illam
696 2398 809 2464 poetae
846 2385 986 2448 sermoni
1022 2403 1089 2447 non
1124 2383 1245 2446 vitantis

266 2496 348 2558 quae
378 2495 396 2538 a
425 2474 557 2538 cultiore
592 2477 665 2540 stilo
695 2478 885 2543 abhorreant
919 2495 950 2543 et
978 2479 1113 2541 subinde
1145 2494 1256 2550 osten-3

267 2570 368 2634 dentis
388 2570 480 2635 nobis
502 2570 657 2651 quaedam
682 2573 771 2652 quasi
792 2573 966 2638 Latinitatis
990 2573 1129 2644 latibula,
1161 2557 1256 2636 cuius*

266 2665 312 2732 rei
341 2665 455 2748 gratias
485 2665 515 2728 ei
544 2666 741 2745 habebimus,
772 2687 839 2731 non
865 2668 1074 2731 urbanitatem
1104 2667 1154 2730 ori
1185 2669 1245 2730 eius

216 2760 486 2826 mobtrudemus.
540 2782 568 2824 v.
593 2761 647 2840 176
675 2770 784 2825 tomas
811 2762 950 2844 Silligius
980 2761 1112 2840 invenit;
1143 2783 1173 2824 v.
1200 2765 1255 2843 177i

267 2855 393 2937 saeptus
421 2875 488 2920 non
517 2855 664 2919 desinunt
694 2856 851 2919 veteribus
880 2856 1034 2938 novisque
1062 2857 1245 2921 coniecturis

268 2966 436 3031 temptare;
465 2950 521 3012 sed
545 2950 714 3014 consilium
738 2967 850 3032 poetae
874 2967 939 3016 ram
965 2967 1111 3033 apertum
1141 2968 1188 3016 est
1218 2967 1254 3038 ut

269 3046 325 3128 qui
355 3047 464 3108 locum
491 3045 652 3127 perlegere
687 3045 836 3126 dignetur
866 3046 987 3110 moneri
1024 3047 1063 3109 de
1101 3047 1254 3128 gradibusl

269 3139 487 3222 descriptionis
507 3160 573 3203 non
593 3139 728 3222 amplius
748 3141 869 3204 debeat.
908 3161 1036 3223 serpens
1055 3142 1153 3205 solito
1173 3157 1253 3214 tem·¹

269 3255 347 3318 pore
368 3236 408 3298 ad
427 3253 518 3298 suam
538 3234 689 3317 paludem
708 3255 742 3298 se
762 3235 859 3299 volvit
879 3235 1006 3300 frutices
1026 3236 1204 3318 infringens
1223 3251 1246 3298 et

270 3330 381 3393 oculos
402 3330 442 3392 ad
462 3349 604 3412 pugnam
629 3345 664 3394 ut
686 3330 766 3393 solet
785 3330 952 3393 intendens
972 3332 1166 3411 (163-168);
1192 3333 1252 3394 ian

270 3425 311 3486 ad
331 3425 436 3505 ipsum
455 3426 564 3488 locum
583 3425 753 3490 adveniens
777 3425 884 3508 uragu
906 3435 1000 3508 atque
1016 3426 1124 3508 magau
1144 3439 1247 3510 corpus

270 3518 440 3584 revolubile
459 3519 585 3582 volvens
604 3520 635 3601 (i.
648 3540 675 3584 e.
690 3539 804 3602 corpus
818 3520 949 3584 volvens
963 3535 1057 3600 atque
1076 3523 1245 3598 revolvens]

271 3613 434 3694 regionem
460 3613 556 3677 fontis
580 3613 732 3696 perquirit
753 3616 897 3696 (—174);
923 3630 958 3679 ut
982 3613 1067 3677 videt
1094 3632 1245 3697 pastorem
