2370 4072
489 227 575 274 COPA

92 408 263 471 formosum
284 424 409 472 tenerae
431 410 600 489 decerpens
620 428 676 470 ora
696 410 819 490 puellae
840 445 876 455 -—

127 526 143 565 a
163 520 269 586 pereat
290 505 341 567 cui
361 521 433 567 sunt
453 505 553 585 prisca
573 504 745 585 supercilia.

91 601 161 679 quid
182 601 277 662 cineri
299 601 420 680 ingrato
441 621 544 662 servas
564 602 644 661 bene
665 601 781 662 olentia
801 605 897 662 serta?
1035 617 1061 659 35

125 717 203 758 anne
226 710 377 758 coronato
398 696 443 757 vis
463 695 566 775 lapide
587 695 744 779 istaltegi?

90 811 168 870 pone
189 811 313 853 merum
335 807 364 853 et
384 792 471 853 talos.
512 807 617 871 pereat
637 791 691 871 qui
713 790 843 851 crastina
865 806 963 852 curat:

123 887 209 948 Mors
230 907 338 948 aurem
360 887 476 948 vellens
498 886 608 948 ‘vivite'
633 886 675 948 ait
696 885 816 947 ‘veni0'.

99 1082 122 1126 33
135 1070 269 1114 formosum
282 1071 401 1112 vindicavit
414 1071 549 1110 Buechelerus
602 1081 627 1125 34
641 1067 728 1125 aperiat
741 1067 766 1110 M
819 1081 844 1125 35
858 1071 884 1120 cs.
893 1072 944 1110 Aen.
953 1071 972 1119 6,
985 1070 1024 1109 21³

58 1137 78 1192 36
92 1141 125 1180 ‘an
142 1143 173 1181 vit
194 1141 266 1190 lapide
281 1141 322 1190 testi
337 1151 423 1189 eumque
438 1140 530 1188 lapidem
543 1141 643 1179 coronari
656 1141 703 1180 istit
721 1138 800 1180 tertiti'
814 1140 955 1180 Buctekrus.
987 1149 1024 1187 eqo

57 1210 119 1248 dubito
138 1222 188 1249 num
204 1214 271 1259 poeta
291 1213 342 1248 ante
354 1221 373 1248 v.
386 1210 412 1249 38
432 1212 519 1248 'nortem
539 1209 582 1257 ipsi
600 1220 659 1258 quem
679 1210 758 1249 invitat
775 1209 887 1248 instantem
903 1208 986 1254 innuat,
1006 1211 1026 1246 et

57 1279 124 1318 conieci
136 1276 179 1320 teri
236 1287 262 1332 37
275 1276 343 1319 talios
357 1278 383 1317 Μ
432 1279 484 1316 iaec
502 1282 522 1318 et
535 1290 553 1317 ο.
567 1280 593 1317 33
606 1289 659 1317 iane
672 1290 713 1318 non
726 1279 775 1327 ipsa
786 1279 860 1327 puelia
873 1278 942 1316 dicere
950 1280 1025 1325 potest,

57 1357 109 1395 qnam
118 1350 203 1388 omnino
211 1359 253 1387 non
263 1349 378 1396 toquentem
382 1347 441 1396 facit
446 1351 512 1397 poeta
562 1344 638 1389 Publii
648 1343 737 1401 Virgilii
746 1344 851 1389 Maronis
860 1343 927 1400 Copa
936 1341 997 1385 Finit
1007 1344 1024 1382 B
