2528 4202
450 297 496 344 AD
510 297 537 346 V.
553 298 656 353 rsa-166
1007 301 1047 376 57·

61 479 165 561 fugari
184 497 279 559 posse,
298 479 346 556 (τα
367 479 424 558 sq.)
446 479 467 561 ἢ
486 480 546 543 ἀπ’
569 478 700 566 ἐρίπνης
720 479 756 565 ἠδ
770 479 824 542 καί
840 477 1043 546 αύτοπύνοιο

61 572 280 658 χαμεονύδος,
302 563 385 659 ἦμος
402 571 453 638 ἄν’
475 573 594 659 ἀγρούς
612 564 746 659 Ιφεύγων
766 573 907 640 αύαλίοο
928 578 1044 661 θέρεος

60 669 247 754 πσρύεσσαν
265 667 390 752 δοτμην
403 669 536 755 αἴθριος
556 667 592 734 ἐν
606 668 732 757 καλάμη
754 672 905 755 στορέσας
926 669 1042 754 ἀκρέσ-

60 787 162 850 περος
186 762 282 850 εύδης
313 781 338 824 e.
361 781 390 842 q.
411 783 434 824 s.
460 797 498 808 -
519 762 617 848 τῆμος
648 764 696 828 ὅτ’
724 760 868 839 οἷζαίίων
895 763 1044 848 φολίδων

57 853 251 923 ἀπεδύσατο
271 857 370 943 γῆρας
387 856 496 940 μῶλος
514 856 715 940 ἐποστείβων,
738 860 791 922 ὅτε
813 857 940 942 φωλεὸν
959 861 1043 944 εἴαρι

58 953 198 1038 φεύγων·
213 953 356 1034 ὄμμασιν
388 951 585 1034 ἀμβλώσσεν,
613 953 770 1038 μαράθου
800 950 838 1016 δέ
863 951 879 1018 ἑ
906 952 1043 1035 νήχωτος

59 1051 168 1134 δρπηξ
189 1048 363 1130 βοσκηδοίς
385 1044 470 1112 dxlv
491 1071 525 1110 τε
545 1049 600 1110 καὶ
621 1046 782 1132 αύγήεντα
796 1049 937 1131 τίθησιν,
961 1066 1042 1126 quae
1162 1119 1164 1124 A

56 1141 114 1222 qui
135 1159 211 1202 cum
228 1139 368 1220 Vergilio
390 1140 618 1221 comparaverit
637 1156 668 1204 et
687 1139 865 1223 argumenti
886 1155 916 1202 et
933 1141 1043 1223 singu·

58 1237 165 1298 larum
196 1253 304 1298 rerum
334 1234 574 1298 similitudinem
606 1236 724 1299 videbit
760 1249 790 1302 et
823 1236 856 1296 in
888 1235 1042 1300 imitando

56 1349 171 1394 verum
185 1345 312 1410 poetam
326 1343 484 1411 agnoscet,
504 1329 664 1410 simulque
678 1329 838 1410 intelleget
852 1350 915 1412 qua
929 1331 1043 1394 iniuria

56 1426 286 1506 Peerlkampus
310 1425 426 1504 aliique
451 1443 560 1486 versus
579 1425 746 1504 437—439
777 1442 906 1506 propter
930 1427 1043 1506 repeti-

54 1520 182 1582 tionem
195 1539 318 1598 eorum,
338 1519 393 1582 sed
409 1519 503 1582 etiam
516 1539 623 1582 versus
635 1520 704 1598 426,
725 1519 758 1580 in
771 1520 914 1583 Aeneide
928 1522 1043 1584 factam

57 1616 98 1693 (2,
117 1615 178 1694 473
200 1616 257 1695 sq.)
279 1614 433 1676 eiecerint.
474 1627 568 1694 atque
594 1612 673 1675 alius
698 1629 743 1674 est
769 1614 919 1678 Nicandri
943 1616 1043 1687 locus,

56 1729 158 1790 quern
186 1709 232 1770 illi
258 1709 401 1772 adhibuit
427 1708 598 1788 Vergilius,
629 1708 668 1770 de
695 1708 856 1790 chelydro,
888 1711 943 1791 qui
964 1712 1042 1790 (415)

53 1804 141 1890 βρύα
156 1804 330 1891 προλιπών
349 1807 403 1868 καί
426 1804 497 1878 ἕλος
518 1807 572 1867 καί
587 1803 717 1888 δμήθεα
737 1803 853 1888 λίμνην
867 1804 1043 1892 ἀγρώσσων

54 1901 191 1983 λειμῶσι
207 1899 441 1984 μολοορίδαςῆ
458 1898 658 1984 βατραχίδας
669 1902 840 1983 σπέρχεται
857 1899 891 1962 ἐκ
905 1899 1042 1982 μύωπος

54 1990 168 2080 ἀήθεα
184 1992 338 2077 δέγμενος
356 1992 459 2079 ὁρμήν
484 1992 533 2071 (cf.
546 1993 601 2054 366
615 1994 681 2072 οη).
719 1992 793 2055 hinc
814 1993 909 2073 igitur
929 1995 1041 2074 anguis

57 2089 213 2170 paludem
233 2089 413 2169 relinquens
434 2088 483 2166 (cf.
505 2087 579 2149 Stat.
601 2086 703 2149 Theb.
721 2088 747 2164 5,
770 2087 825 2148 518
840 2090 906 2170 sq.),
927 2109 1043 2170 magna

57 2204 77 2246 a
98 2183 220 2248 Culicis
245 2198 432 2264 argumento
454 2181 660 2264 discrepantia
687 2187 795 2261 (quam
821 2201 888 2244 non
912 2184 1042 2246 attendit

57 2279 115 2360 qui
130 2278 250 2341 Culicis
264 2294 487 2360 argumentum
501 2276 681 2358 composuit
693 2297 712 2336 a
724 2277 851 2340 Donato
865 2277 898 2340 in
909 2278 1043 2343 Suetoni

56 2373 158 2435 vitam
178 2375 365 2454 receptum);
387 2375 503 2436 etenim
518 2372 629 2452 anguis
650 2390 779 2452 quoque
800 2387 835 2435 ut
854 2387 956 2436 cetera
975 2375 1044 2436 ani-

57 2467 156 2530 malia
177 2467 210 2531 in
230 2467 329 2530 nimio
350 2483 438 2530 aestu
459 2483 543 2531 certa
564 2466 626 2528 diei
641 2466 721 2528 hora
734 2466 874 2547 quietem
894 2485 925 2532 et
945 2469 1043 2551 frigus

57 2561 192 2642 quaerit,
218 2583 292 2626 sane
317 2583 384 2625 non
411 2562 559 2626 omittens
584 2576 712 2623 naturae
737 2561 940 2627 ferocitatem.
981 2567 1044 2628 hoc

57 2675 128 2719 non
153 2677 172 2718 a
192 2657 312 2738 Vergili
337 2658 493 2722 imitatore
517 2657 682 2720 inventum
708 2677 775 2718 esse
799 2658 911 2738 elucet,
940 2662 996 2724 sed
1025 2681 1044 2722 a

57 2771 176 2834 graeco
207 2767 242 2813 ut
270 2769 349 2834 puto
379 2769 488 2833 poeta,
519 2753 608 2814 cuius
638 2771 764 2814 carmen
794 2752 960 2816 Romanus
990 2776 1045 2816 ex-

57 2846 207 2928 presserit
227 2847 312 2910 idem
333 2846 471 2910 imitator
490 2848 617 2927 Vergili.
658 2847 696 2911 cf.
718 2869 747 2928 p.
767 2867 809 2925 17.

140 2942 178 3005 In
202 2941 269 3022 ipsa
296 2943 448 3024 serpentis
479 2941 672 3004 adventantis
703 2942 912 3023 descriptione
936 2962 964 3003 v.
990 2943 1041 3004 163
1057 2961 1096 3004 ros

58 3035 200 3114 (volvens
219 3038 449 3120 κυλινδόμενος
474 3052 509 3099 ut
538 3039 588 3116 195
615 3035 783 3110 volventia,
815 3037 853 3098 cf.
879 3037 920 3098 ad
945 3057 973 3098 v.
994 3038 1042 3114 88)

58 3131 163 3195 et165
185 3131 325 3194 Bembus
346 3132 533 3208 emendavit,
552 3153 580 3192 v.
601 3132 653 3194 166
674 3131 787 3195 frustra
801 3132 892 3195 multi
910 3146 1044 3212 tempta·
1057 3152 1096 3195 res

58 3239 184 3288 verunt.
211 3241 293 3290 certe
306 3226 398 3292 οδοία
407 3226 549 3291 vibranti
559 3236 690 3306 carpens
697 3225 816 3306 gravis
828 3245 909 3288 aera
923 3224 1048 3305 lingua„

60 3339 144 3401 quae
164 3320 243 3383 olim
263 3323 389 3403 vulgata
410 3337 474 3384 erat
487 3321 595 3399 lectio,
614 3321 734 3385 nescias
754 3336 863 3383 utrum
881 3339 976 3383 sensu
995 3319 1044 3380 in·

60 3429 169 3495 eptam
198 3416 298 3496 magis
319 3427 370 3478 'an
403 3417 507 3480 forma
537 3416 769 3497 intolerabilem
799 3415 895 3491 dicas;
930 3412 1044 3480 deinde

61 3530 144 3590 quae
165 3510 244 3572 facta
265 3526 311 3573 est
329 3512 455 3592 vulgata
474 3512 598 3594 gravis.
612 3531 668 3576 ore
687 3510 834 3591 trilingui
856 3529 913 3573 cur
939 3508 1046 3589 inepta

62 3621 144 3668 esset
169 3605 322 3686 scriptura
347 3606 411 3668 iam
434 3606 550 3672 Bittius
576 3605 696 3670 dixerat
718 3607 738 3668 l.
758 3625 796 3680 s.;
827 3619 858 3668 et
881 3603 1046 3668 sanissima
