2370 4072
378 186 423 231 AD
438 185 465 230 V.
483 185 591 231 tot-268
601 193 634 243 sq.
955 186 996 248 832

10 391 40 432 v.
63 369 123 431 266
144 367 260 430 Birtius
281 366 468 430 emendavit.
512 382 692 448 atquequo
713 367 812 429 modo
833 365 884 428 hic
904 366 1048 434 decustsr

10 464 176 546 repetitur,
205 461 319 525 eodem
344 462 403 524 alia
429 463 528 524 multa
554 465 592 524 ab
614 464 676 524 hoc
701 476 794 543 poeta
815 461 908 523 etiam
928 461 995 526 sine

10 556 196 622 discrimine
222 557 326 619 iterari
350 573 463 620 notum
491 572 549 634 est;
570 557 747 636 femineum
772 571 879 620 autem
905 556 996 621 decus

10 653 144 736 propria
173 650 302 714 notione
333 651 425 714 distat
454 655 493 714 ab
525 671 563 714 eo
591 652 679 733 quod
706 667 752 716 est
772 650 876 715 Ithaci
895 651 994 715 decus.

10 751 149 812 verbum
169 756 276 810 manet
293 746 400 809 nescio
425 768 465 809 an
490 748 530 808 ad
556 766 667 828 procos
691 762 815 809 tantum
834 746 995 828 pertineat.

91 841 243 923 Sequitur
263 841 352 904 locus
373 842 412 903 de
433 842 564 923 Orpheo
584 843 748 922 268-295,
768 842 857 905 cuius
878 843 917 904 de
930 844 1072 925 pri-essm.

10 936 74 999 mis
99 936 242 999 versibus
267 952 350 1001 recte
371 937 507 1000 iudicare
533 958 599 1001 non
624 936 798 1018 poterimus
827 953 996 1019 antequam

10 1031 54 1094 de
76 1030 197 1092 ultimis
223 1053 291 1096 rem
316 1033 554 1096 confecerimus.
594 1032 651 1095 ista
676 1032 771 1113 igitur
793 1031 836 1094 sic
857 1033 889 1095 in
910 1033 997 1096 libris

10 1143 86 1190 sunt
107 1129 193 1206 (nam
215 1148 299 1191 nunc
320 1129 383 1190 fere
405 1148 443 1189 ex
457 1126 576 1189 Barthii
595 1127 997 1208 aliorumqueconiecturis

11 1223 177 1300 edunturl:
198 1223 277 1303 quud
291 1222 408 1286 misera
428 1221 583 1303 Eurydice
603 1230 686 1286 tanto
705 1240 852 1284 maerore
870 1223 1000 1288 recessit

13 1325 172 1398 poenaque
200 1327 354 1398 respectus
382 1327 413 1379 et
439 1335 520 1380 nunc
548 1325 666 1394 manet,
699 1316 855 1397 Orpheus,
885 1316 918 1380 iu
948 1322 997 1380 te?

19 1407 82 1473 ie.
109 1431 167 1473 cur
187 1412 345 1494 Eurydice
370 1412 464 1474 tristis
489 1428 534 1474 est
560 1427 591 1474 et
621 1431 638 1472 a
662 1410 821 1472 sodalium
846 1415 938 1474 turba
964 1434 997 1476 se

22 1506 190 1588 segregavit
203 1521 233 1568 et
246 1524 303 1567 cur
316 1525 401 1568 nunc
415 1527 554 1589 quoque,
573 1507 715 1586 Orpheu‚
734 1505 855 1586 puniris
868 1524 998 1588 propter

10 1616 189 1685 respectam
220 1600 407 1680 coniugem?
442 1621 515 1664 nam
546 1602 675 1682 Orphea
704 1600 833 1681 quidem
863 1602 996 1682 adfatur,

10 1710 119 1805 tneque
146 1711 252 1758 tamen
278 1695 488 1757 necessarium
519 1710 564 1756 est
594 1713 668 1755 cum
694 1694 853 1775 Scaligero
885 1700 997 1778 reponi

10 1764 53 1850 lu
73 1799 101 1852 te
124 1799 243 1864 manet,
271 1789 411 1871 Orpheu;
441 1788 534 1868 primi
559 1806 647 1862 casus
673 1788 808 1850 formam
840 1790 912 1852 satis
942 1792 997 1854 de-

32 1873 188 1947 studebant
208 1885 343 1947 aliorum
363 1898 528 1964 poetarum
549 1883 701 1963 exempla,
728 1898 762 1945 ut
779 1884 997 1964 Vergilianum

10 1976 94 2061 den.
120 1999 164 2056 rr,
184 1978 243 2058 464
262 1978 428 2058 Messapus
452 1977 500 2055 (cf.
521 1976 614 2058 Aspri
635 1994 752 2059 quaest.
773 1979 866 2060 Verg.
887 2001 917 2062 p.
943 2002 992 2044 ιιι

10 2064 65 2152 itq.
84 2073 152 2151 K.);
178 2093 281 2154 neque
305 2089 370 2135 tarn
395 2072 512 2133 mirum
538 2086 598 2151 est,
624 2071 726 2134 forma
752 2090 877 2155 poetam
897 2077 996 2139 modo

10 2156 78 2229 {etse
97 2165 196 2228 modo
216 2169 292 2247 (292)
313 2167 366 2230 illa
385 2166 440 2245 uti,
462 2186 558 2247 quam
578 2186 616 2229 ex
636 2169 864 2232 consuetudine
878 2169 997 2233 factum

27 2260 103 2339 quod
133 2260 265 2325 artificio
297 2260 427 2324 metrico
458 2262 556 2324 semel
588 2278 743 2325 ostentato
774 2265 846 2344 (117
877 2275 997 2329 tannem

25 2371 76 2417 non
100 2353 246 2435 Orpheus
269 2348 427 2436 Hebruu'i)
458 2354 572 2418 iterum
601 2357 712 2431 utitur,
739 2375 772 2421 ut
798 2358 915 2421 scilicet
940 2381 997 2423 vo-

24 2448 167 2511 cabulum
197 2451 388 2535 bisyllabum
418 2469 567 2531 graecum
599 2472 637 2514 eo
665 2452 737 2514 loco
763 2473 870 2515 versus
900 2471 997 2535 ponat

23 2561 80 2624 quo
113 2564 182 2606 non
214 2545 312 2626 possit
345 2565 411 2608 non
444 2565 510 2608 esse
543 2544 676 2608 latinum
710 2547 915 2628 trisyllabum.
957 2549 997 2612 cfs

23 2637 130 2703 Birtius
156 2659 236 2702 mus.
262 2639 363 2702 Rhen.
391 2641 436 2718 34,
465 2640 498 2701 18
518 2660 564 2720 sq.
606 2641 755 2703 hactenus
783 2642 821 2704 de
846 2663 940 2705 sensu
966 2659 996 2706 et

10 2730 117 2797 -lorma
150 2733 281 2799 traditae
315 2733 471 2812 lectionis3
505 2733 672 2797 consilium
706 2752 817 2817 poetae
848 2736 995 2818 deinceps

21 2829 230 2910 explicabitur.
271 2845 365 2910 atque
392 2828 531 2909 primurn
552 2831 591 2890 ab
613 2829 733 2909 Orphei
753 2831 1048 2911 compellationem

21 2919 151 2989 deflectit
192 2923 381 2987 orationem:
421 2922 532 2986 audax
572 2921 624 2986 ille
663 2922 803 3080 quidem!
819 2924 868 3003 (ci
901 2925 994 2988 Ovid.

21 3032 71 3080 art
100 3021 134 3098 3,
162 3020 224 3100 489
248 3015 478 3101 perfidusille
461 3017 636 3098 equidem
667 3018 724 3099 qui
754 3015 803 3080 tal
799 3017 832 3080 ia
854 3019 996 3100 pignora

24 3116 134 3194 mat)
161 3114 277 3196 quibus
297 3111 400 3175 verbis
421 3112 579 3175 excusatio
601 3111 723 3194 Orphei
742 3110 914 3174 inducitur:
941 3113 1048 3181 sedum

21 3200 144 3277 suttune
179 3204 288 3272 valeus
319 3207 471 3271 audacem
495 3206 625 3285 fecerat
656 3213 738 3282 aute,
775 3204 893 3269 scilicet
918 3217 997 3270 onte

31 3298 132 3377 wieres,
153 3317 188 3364 ut
208 3303 241 3365 in
261 3300 321 3364 hoc
341 3323 490 3364 versuum
511 3300 642 3364 circuitu
662 3300 997 3383 verbaconiungenda

35 3389 204 3462 distinentur
239 3417 268 3459 v.
294 3399 350 3465 273
381 3395 468 3461 Ditis
498 3416 613 3478 regua,
643 3416 671 3456 v.
700 3397 755 3474 275
786 3395 874 3460 Ditis
901 3395 996 3470 sedes,

12 3500 56 3547 -t
70 3507 122 3571 279
150 3511 223 3554 voce
256 3490 383 3573 Orphei,
414 3511 442 3552 ν.
464 3491 520 3571 287
543 3492 604 3572 fas
632 3488 756 3553 Mortis.
807 3505 901 3572 atque
931 3507 998 3561 non

805 3602 843 3657 6*
