2536 4200
442 295 627 344 emerarro
991 323 1025 381 ¹7

124 477 278 558 Lepidum
292 477 448 557 poematis
461 493 684 558 argumentum
703 481 786 558 (nam
801 481 943 562 lepidum
957 503 1025 552 essa

53 590 113 633 non
131 571 255 652 negabit
273 571 298 634 si
317 571 387 653 quis
401 589 625 654 argumentum
639 573 739 654 magis
756 593 852 655 quam
868 578 1025 648 tractatios

51 685 120 728 nem
137 667 321 746 consideret)
343 687 381 730 eo
402 669 502 732 modo
522 684 651 733 auctum
672 686 702 732 et
723 670 865 732 inflatum
879 671 1024 734 videmus

51 779 111 841 quo
124 781 140 824 a
155 761 256 842 poetis
270 763 401 827 novellis
417 763 537 844 graecis
551 780 581 826 et
594 765 697 828 latinis
718 785 810 846 saepe
825 766 942 828 sactum
957 787 1023 830 esse

47 857 203 936 probabile
225 874 278 920 est.
317 877 512 939 quamquam
531 859 593 922 hoc
613 879 715 922 unum
730 859 911 941 exemplum
926 861 1023 923 habe-

47 971 114 1014 mus
133 952 234 1014 tenuis
254 967 284 1014 et
307 952 447 1014 ludicrae
468 952 616 1016 materiae
636 954 676 1016 ad
696 954 904 1036 granditatem
924 975 1023 1018 sonus

45 1047 160 1109 heroici
180 1047 278 1108 elatae
298 1064 371 1110 cum
392 1043 567 1110 imitatione
588 1047 693 1128 epicae
715 1048 916 1127 elocutionis;
946 1070 1021 1114 nam

45 1141 176 1204 carmina
197 1141 301 1222 qualia
318 1140 433 1203 Aviani
454 1140 574 1204 fabulas
594 1141 657 1204 huc
678 1161 773 1206 nemo
794 1144 903 1206 trahet.
944 1145 1021 1208 item

43 1236 180 1300 doctrina
204 1255 301 1318 quam
325 1251 459 1298 ostentat
478 1251 571 1316 poeta
591 1251 661 1298 non*
679 1236 783 1299 minus
801 1257 897 1319 quam
913 1239 1019 1321 impli-

41 1347 143 1393 catum
168 1347 197 1393 et
220 1331 391 1412 figuratum
415 1330 584 1394 locutionis
604 1351 704 1412 genus
725 1333 764 1394 ad
785 1333 1019 1398 neotericorum

38 1440 202 1506 poetarum
221 1425 406 1488 affinitatem
427 1425 519 1490 illum
539 1426 689 1508 adiungit.
730 1446 835 1508 neque
855 1448 930 1491 vero
951 1429 1018 1512 ipse

36 1535 258 1601 argumentum
286 1520 406 1602 primus
431 1519 552 1586 invenit
584 1535 614 1583 et
641 1521 798 1597 tractavit,
830 1523 886 1585 sed
913 1525 1019 1605 graeci

33 1632 156 1697 poetae,
177 1615 309 1697 profecti
329 1615 413 1677 illius
437 1635 455 1678 a
479 1615 593 1678 labella
612 1617 717 1697 aliqua
736 1618 859 1699 vulgari
878 1619 1017 1698 (qualem

33 1713 74 1774 de
95 1711 267 1774 Cissamide
283 1711 354 1774 Coo
375 1709 642 1774 narratiunculam
655 1711 771 1774 Rittius
787 1713 826 1774 de
840 1712 1016 1776 halieuticis

30 1827 62 1888 p.
78 1809 112 1867 52
123 1826 167 1887 sq.
183 1805 335 1884 contulit),
350 1804 510 1885 exemplar
523 1821 649 1868 secutus
663 1826 729 1868 esse
741 1806 878 1884 videtur;
900 1826 1015 1889 nempe

29 1901 100 1966 sine
120 1902 266 1984 exemplo
280 1900 307 1962 si
323 1914 547 1980 argumentum
561 1912 728 1978 tractasset,
748 1901 888 1964 accidere
903 1917 1016 1983 poetae

27 2017 99 2059 non
116 1997 277 2078 potuisset,
298 2010 332 2057 ut
345 2013 455 2075 graves
469 2012 518 2056 res
533 1994 572 2054 ad
586 2009 809 2074 argumentum
822 1989 1016 2076 pertinentes

26 2093 124 2172 plane
144 2094 332 2173 neglegeret,
357 2109 419 2171 qua
440 2089 478 2151 de
505 2109 538 2152 re
559 2108 755 2168 exponemus
775 2090 814 2153 ad
835 2111 862 2151 v.
878 2109 936 2154 210
955 2111 1012 2174 sq,

24 2188 69 2248 de
91 2186 159 2248 aliis
179 2187 303 2268 passim.
325 2186 381 2248 sed
400 2204 467 2247 non
485 2182 634 2265 expressit
653 2186 813 2266 exemplar
832 2206 936 2266 suum,
956 2187 1013 2252 sed

20 2282 129 2343 libero
149 2301 258 2362 gressu
281 2279 430 2344 incedens
451 2298 513 2359 qua
534 2277 669 2340 ducebat
689 2279 793 2360 poesis
813 2281 1011 2364 Vergilianae
1088 2305 1091 2310 ·

18 2376 170 2455 imitatio,
196 2376 395 2456 sequebatur.
435 2374 521 2449 haec,
548 2387 657 2453 utpote
682 2374 715 2436 in
735 2394 829 2438 sensu
849 2392 879 2439 et
899 2377 1011 2460 opina·

17 2472 112 2533 tione
133 2489 283 2552 magnam
304 2485 424 2550 partem
445 2467 556 2548 posita,
583 2486 649 2530 non
670 2471 806 2552 amplius
825 2491 1010 2552 persequar;

15 2566 189 2632 videamus
220 2582 338 2644 ecquae
365 2562 404 2623 de
431 2562 506 2626 editi
537 2563 687 2625 carminis·
717 2563 846 2628 historia
876 2567 1009 2632 certiora

15 2658 159 2742 proferri
179 2658 308 2740 possint.

100 2753 150 2816 De
177 2751 360 2836 appendicis
385 2751 583 2834 Vergilianae
610 2753 740 2816 historia
766 2768 796 2816 et
822 2751 891 2816 fatis
916 2755 1009 2818 multi

15 2849 260 2932 quaesiverun13
290 2847 406 2927 quibus
440 2847 678 2927 quaestionibus
707 2847 853 2911 nocuisse
883 2848 1008 2914 videtur

15 2945 132 3021 spinio
160 2965 179 3006 a
203 2944 325 3006 Naekr'o
350 2944 454 3021 (carm.
479 2943 547 3006 Vat
568 2943 637 3006 Cat.
658 2961 688 3023 p.
708 2943 775 3020 223)
800 2958 950 3024 concepta
976 2961 1006 3007 et

15 3043 52 3101 tb
77 3039 232 3101 omnibus
252 3054 378 3118 recepta
397 3038 437 3100 de
458 3056 591 3118 corpore
612 3037 841 3118 opusculorum
863 3038 1005 3118 Vergilio

15 3134 241 3214 ascriptorum,
267 3134 355 3214 quod
379 3135 419 3195 ab
444 3131 511 3213 ipsa
535 3131 718 3212 antiquitate
739 3131 779 3193 ad
799 3147 905 3194 nostra
925 3148 1005 3194 tem-

15 3249 94 3290 ›ora
119 3229 309 3309 pervenerit.
349 3228 471 3308 quade
496 3245 529 3288 re
550 3225 627 3306 quid
646 3225 848 3287 statuendum
866 3225 905 3286 sit
928 3245 1004 3288 con-

16 3323 203 3385 ideremus.
253 3339 347 3404 atque
375 3321 514 3403 primum
545 3320 674 3400 quidem
701 3320 790 3401 quasi
816 3320 1004 3383 laterculum

15 3417 182 3497 luendam
202 3416 396 3481 collectionis
415 3415 499 3478 illius
520 3414 640 3477 tradere
661 3430 772 3496 putant
787 3415 948 3478 Donatum
969 3415 1003 3478 in

15 3511 137 3592 (argili
159 3512 223 3574 vita
243 3533 258 3576 e
280 3511 412 3576 Suetoni
433 3529 528 3591 opere
549 3508 745 3588 transcripta;
770 3509 826 3589 qui
846 3509 1004 3591 epigram-

15 3621 93 3668 nate
111 3606 148 3668 in
160 3607 321 3670 Ballistam
335 3607 440 3670 adlato
454 3604 498 3667 sic
508 3604 609 3686 pergit
623 3623 652 3685 p.
662 3605 697 3666 58
712 3605 749 3667 R.
776 3603 885 3668 &elide
899 3605 1003 3685 (secio

812 3732 826 3771 2
