2370 4072
446 202 491 249 Ab
505 202 532 248 V.
545 214 650 263 poe-312
1000 209 1037 286 95

10 424 19 458 -,
57 385 189 467 graviter
211 404 330 447 sonans
350 382 532 464 adiungitur
551 384 705 448 sententia
725 404 821 466 quam
841 384 884 447 sic
899 386 1039 449 Bembus

10 528 16 537 .
58 478 270 543 conformavit
296 478 409 560 partim
434 479 571 541 aliorum
597 477 748 541 Italorum
773 478 967 542 coniecturas
991 500 1040 542 se-

10 616 13 627 ι
57 590 158 639 cutus:
185 573 259 655 ipsa
279 571 363 655 titgis
381 592 515 655 nataque
536 572 604 647 Ida,
623 582 732 656 patens
746 574 892 654 firitatis
910 582 942 636 rt
961 574 1118 655 apsasttn.

60 667 114 733 Ida
123 669 226 751 faces
244 665 348 730 altrix
366 666 486 749 capella
501 666 675 749 praebebat
692 667 837 743 abarana,
862 668 915 730 alii
940 668 1039 747 aliter,

58 756 211 840 licentius,
233 761 415 843 elegantius,
434 762 576 843 plerique
591 783 665 826 cum
680 763 812 826 Heinsio
816 759 1041 842 frondentibus

59 876 112 939 pro
122 854 277 939 sert'tattlt
295 862 327 918 et
343 871 507 937 ponentes,
528 857 617 920 cuius
636 858 760 939 generis
780 857 956 920 arbitrariae
970 876 1042 919 mu·

59 951 189 1017 tationes
216 970 284 1013 non
304 969 461 1029 curamus,
485 952 681 1032 probabilius
707 970 816 1029 nemo;
844 972 910 1014 non
934 972 1041 1015 veram

59 1066 120 1111 esse
146 1044 266 1109 Bembi
290 1045 505 1109 coniecturam
530 1046 696 1109 admonuit
723 1066 774 1109 me
798 1047 976 1111 observatio
1002 1046 1042 1108 ad

59 1141 135 1204 abb
164 1140 206 1203 de
232 1138 325 1203 tertio
355 1140 505 1204 trochaeo
536 1140 624 1203 iacta.
676 1157 769 1222 atque
798 1142 950 1204 traditum
981 1142 1042 1206 hoc

59 1236 230 1301 habemus:
260 1234 331 1317 ipsa
353 1234 447 1316 vagt's
473 1254 608 1317 namque
634 1235 694 1299 Ida
715 1244 826 1317 patens
845 1236 991 1315 feritatis
1014 1246 1046 1299 et

59 1328 123 1413 psa
153 1329 260 1411 daque
279 1328 375 1407 faces
403 1326 507 1392 altrix
533 1328 664 1411 cupellas
685 1328 863 1412 praebebat
887 1331 1042 1405 alumnus,

60 1424 175 1507 quibus
195 1422 238 1486 in·
250 1421 353 1488 verbis
377 1422 404 1485 si
423 1423 563 1505 primum
584 1426 647 1488 hoc
667 1440 821 1505 tenemus,
846 1441 917 1489 ante
930 1435 1044 1507 patens

62 1516 244 1601 interpungi
275 1537 342 1581 non
371 1537 474 1600 posse,
503 1535 633 1601 apparet
663 1520 751 1581 nullo
781 1521 921 1585 remedio
951 1540 1044 1602 egere

59 1614 151 1679 istaec
173 1613 245 1695 tpsa
262 1613 357 1695 vagis
375 1632 509 1696 namque
524 1612 585 1678 Ida
597 1622 724 1695 patens:
748 1634 841 1677 mons
862 1613 1044 1696 ceteroquin

59 1728 149 1793 asper
177 1723 210 1770 et
234 1706 338 1771 invius
363 1723 447 1790 patet
472 1709 657 1789 vagantibus
683 1725 713 1772 et
736 1709 898 1772 taedarum
918 1710 1044 1790 copiam

60 1802 286 1886 colligentibus
310 1800 448 1867 alumnis
477 1805 562 1883 (nam
592 1804 669 1867 haec
696 1805 868 1868 necessaria
893 1803 1044 1865 Italorum

59 1897 244 1976 correctio):
264 1895 333 1977 apsa
344 1896 439 1978 vaga
450 1917 585 1981 namque
600 1898 660 1961 Ida
667 1907 781 1980 pateas
793 1899 930 1978 -faces
943 1896 1044 1960 altrix

57 2030 94 2041 -
106 1989 293 2077 praebebat
311 1988 457 2055 alttmt'as
491 1993 554 2056 iam
568 1994 683 2075 pendet
693 1993 839 2073 saranatis
852 2008 882 2055 et
894 1993 1045 2074 suspendi

55 2110 122 2153 uon
141 2101 253 2171 potest
273 2084 332 2149 nisi
352 2105 371 2148 a
390 2088 620 2150 vocabulorum
646 2103 869 2169 corruptorum
892 2087 994 2169 daque
1014 2102 1044 2149 et

53 2183 190 2269 cuptbbts
208 2181 310 2244 altero
324 2196 404 2244 utro.
445 2197 539 2262 atque
552 2182 586 2245 in
599 2182 755 2245 Vossiano
770 2182 856 2263 quod
871 2202 929 2263 pro
944 2182 1045 2264 daque

52 2279 217 2363 scriptum
238 2292 284 2339 est
304 2275 365 2340 Ida
385 2276 428 2355 (in
449 2276 694 2340 Helmstadiensi
713 2276 834 2358 daque)
855 2292 919 2339 tam
940 2293 1044 2358 aptam

53 2374 155 2439 efficit
164 2370 365 2435 locutionem
376 2386 503 2452 tamque
515 2371 639 2434 facilem
651 2373 843 2453 corruptelae
854 2372 1044 2453 explicatum

51 2470 162 2535 reddit
185 2466 237 2547 (cf.
256 2487 285 2528 v.
308 2468 360 2529 155
386 2481 417 2528 et
439 2466 514 2529 Stat.
535 2466 637 2529 Theb.
659 2468 685 2541 3,
710 2470 771 2546 454
796 2466 850 2528 ubi
874 2466 1045 2547 legendum

50 2582 99 2630 est
119 2561 259 2629 dubium
271 2560 325 2625 cui
334 2570 458 2641 pronus
467 2558 577 2642 Apella
593 2571 721 2642 pectora
739 2561 900 2626 Cirrhaea
919 2561 1050 2623 satiarit

49 2658 189 2743 largitas
215 2655 312 2734 unda,
336 2654 486 2718 traditum
511 2675 630 2737 araque
657 2674 723 2718 non
740 2657 891 2738 pectora),
920 2670 955 2717 ut
979 2655 1046 2717 eius

49 2756 128 2821 loco
155 2752 222 2815 alia
248 2771 329 2832 quae
355 2750 485 2832 cogitari
514 2743 647 2833 possint,
674 2752 771 2814 veluti
794 2751 897 2831 slata,
927 2769 1045 2830 ponere

49 2870 122 2915 non
152 2846 294 2911 audeam
328 2861 360 2909 et
393 2846 426 2909 in
459 2847 578 2910 incerto
613 2847 789 2928 relinquam
824 2859 931 2906 utrum
963 2858 1044 2905 recte

50 2941 233 3011 coniecerit
251 2940 300 3004 vir
320 2942 432 3005 doctus
457 2961 497 3002 an
517 2941 636 3003 variam
655 2941 825 3004 lectionem
845 2954 968 3019 praesto
990 2937 1046 2999 ha-

52 3039 163 3105 buerit
197 3038 325 3119 qualem
350 3058 378 3098 v.
400 3037 465 3099 332.
521 3036 647 3117 quade
674 3057 706 3098 re
736 3035 838 3097 dicam
864 3032 904 3095 ad
929 3055 957 3095 v.
981 3035 1046 3096 318.

53 3133 252 3217 relinquitur
281 3132 421 3215 captiba,
455 3131 544 3213 quod
577 3151 650 3193 cum
684 3129 821 3193 alumnis
854 3128 1046 3209 coniungere

56 3230 121 3295 iam
152 3249 224 3293 non
253 3227 335 3306 licet,
365 3246 439 3289 nam
470 3226 628 3288 Troianos
659 3225 824 3288 bellatores
855 3238 885 3286 et
916 3223 1046 3286 exitium

58 3324 207 3389 hostibus
226 3339 370 3405 parantes
392 3322 519 3387 feritatis
534 3321 666 3403 cupidos
683 3318 785 3382 dicere
801 3319 943 3399 ineptum
957 3318 1045 3381 foret.

16 3488 22 3499 ,
62 3438 137 3503 ergo
147 3420 247 3502 faces
264 3416 404 3485 sertata
422 3416 550 3498 cupidas
570 3416 655 3493 dixit,
679 3430 709 3477 et
729 3430 799 3496 apte
821 3413 898 3475 dixit
918 3413 1047 3495 cupidas

16 3554 30 3600 t
66 3514 208 3599 saevitiae
234 3532 286 3577 eas
310 3532 391 3593 quae
416 3512 475 3575 nisi
503 3512 568 3573 vim
593 3511 738 3572 flammae
771 3507 959 3588 recepissent
989 3529 1047 3571 nec
