2370 4072
485 155 530 200 ΑΙ)
544 155 663 210 V-o-sr
1028 158 1063 234 37

89 336 245 416 dispersae
264 337 407 417 gramina
430 353 460 398 et
480 337 607 398 frutices
626 338 803 416 carpebant,
828 355 962 416 quarum
984 355 1064 397 non-

89 430 190 491 nullas
204 429 341 510 pendere
355 429 472 510 procul
487 431 525 492 de
544 441 621 512 nipe
640 430 766 494 videbat
783 431 887 513 (Verg.
902 431 958 492 ecl.
978 452 1000 503 1,
1016 431 1063 508 76)

87 525 152 586 sive
171 525 314 598 mere,
339 539 374 586 ut
398 525 535 588 Senecae
561 527 770 607 Hippolytum
800 527 833 588 in
857 526 959 587 nivosi
979 524 1066 589 collis

86 620 267 682 haerentem
295 619 380 700 iugis
407 621 497 701 sequi
523 621 684 683 Phaedrae
715 622 816 702 placet
845 624 890 698 (v.
915 621 1000 697 233),
1030 636 1065 681 ut

87 714 198 776 eadem
218 715 389 776 verborum
408 730 562 777 structura
582 716 725 796 Oedipus
746 714 881 777 haerebo
900 714 948 776 ad
968 715 1065 794 ignes,

87 809 176 889 quod
197 809 272 871 item
292 811 454 891 temptavit
473 811 679 890 interpolator
694 810 825 886 (Phoen.
844 811 917 887 112).
958 811 1066 872 haere·

87 907 162 966 bant
182 903 279 983 igitur
297 904 345 966 ad
358 914 491 986 scrupea
509 925 597 978 cava,
617 903 757 967 desertas
778 915 887 985 rupea·
916 904 1066 966 audacius

86 1000 181 1061 etiam
206 999 344 1079 loquitur
368 1018 463 1078 quam
489 1000 646 1079 Vergilius
667 1000 723 1061 ecl.
745 1020 772 1078 2,
795 1002 810 1062 3
839 1001 920 1062 ieter
944 999 1066 1076 (husos,

85 1093 236 1156 umbrosa
256 1094 426 1170 caemniia,
437 1095 547 1175 fagos,
571 1116 600 1173 9,
620 1115 640 1174 9
662 1094 996 1173 veteres,1omfracta
1015 1113 1064 1155 co·

85 1189 337 1269 cuminafagos,
358 1189 448 1251 cuius
461 1188 624 1251 audaciam
638 1188 747 1251 leviter
759 1189 908 1252 inflexam
921 1189 1065 1250 videmus

85 1304 102 1344 a
124 1284 322 1359 Quintiliano
349 1285 387 1362 (8,
407 1286 435 1361 6,
454 1285 505 1365 46)
530 1299 561 1346 et
580 1284 727 1364 deinceps
752 1284 784 1345 in
810 1284 981 1346 codicibus.
1021 1283 1064 1343 sic

84 1378 270 1458 Propertius
282 1399 312 1458 4,
335 1399 357 1452 ι,
376 1398 409 1439 ι2
421 1378 545 1459 pellitos
557 1377 674 1451 lrabuit,
695 1380 813 1442 notua
826 1378 931 1453 corda,
944 1386 1064 1459 patres,

84 1473 129 1534 sic
156 1472 237 1533 infra
256 1494 284 1534 v.
309 1475 481 1553 134quam
505 1472 740 1548 wmttabanbtr,
761 1474 885 1554 fatalia
910 1473 1064 1543 carmina,

83 1587 227 1647 quercus,
241 1567 382 1647 sequitur
396 1567 480 1628 enim
494 1566 568 1628 illas
579 1588 608 1628 v.
620 1569 682 1629 136.
704 1568 753 1630 isti
767 1584 887 1648 partem
901 1583 1065 1648 apponunt

82 1663 152 1741 toti,
167 1662 230 1724 illic
244 1666 311 1727 v.51
326 1663 444 1724 accedit
458 1678 560 1723 totum
571 1663 660 1743 parti,
675 1664 754 1726 ratio
764 1663 933 1725 locutionis
944 1661 1063 1723 eadem.

82 1757 291 1820 consimiliter
315 1757 462 1819 Dirarum
487 1774 579 1839 poeta
609 1757 714 1838 posuit
738 1778 765 1818 v.
788 1777 822 1818 ro
850 1777 905 1819 nec
923 1754 1065 1835 faecunda

80 1852 166 1916 senis
186 1852 292 1924 nostri,
308 1852 422 1931 fcelt‘cia
445 1873 537 1928 rura,
561 1853 682 1914 semina
694 1851 884 1932 parmrtient
898 1860 1016 1931 segetes
1035 1865 1065 1910 et

83 1948 140 2029 qui
155 1947 217 2008 illis
231 1946 330 2008 facem
348 1948 494 2027 praetulit
510 1948 654 2009 Catullus
667 1948 714 2026 64,
733 1949 787 2026 184
797 1956 968 2027 praeterea
981 1943 1065 2008 nullo

83 2042 167 2114 litus,
188 2040 256 2103 sola
276 2040 387 2115 insula,
407 2051 488 2104 tecto.
510 2041 547 2103 cf.
569 2042 781 2103 buechelerus
802 2062 831 2122 p.
849 2042 914 2119 326,
936 2041 990 2121 qui
1010 2042 1065 2102 ad-

85 2139 132 2199 dit
162 2136 283 2197 Lucani
304 2138 330 2214 3,
354 2141 410 2217 295
440 2157 535 2218 usque
563 2136 774 2199 Paraetonias
801 2137 871 2199 an
899 2136 946 2200 ad
971 2136 1065 2198 lz'tera

85 2233 205 2307 syrtes.
245 2233 339 2293 verba
363 2233 529 2294 collocavit
553 2251 618 2312 quo
649 2231 780 2293 artificio
805 2232 838 2292 in
861 2233 955 2294 simili
975 2233 1065 2294 locu·

84 2328 172 2388 tione
194 2325 350 2405 Vergilius
371 2327 427 2388 ecl.
450 2331 475 2404 5,
496 2346 529 2404 7¹
552 2326 628 2387 viria
647 2347 761 2389 novum
771 2328 913 2406 fiendam
933 2327 1065 2390 calathis

86 2419 222 2483 Ariusio
241 2428 356 2482 nector.
378 2455 415 2464 -
435 2441 463 2482 v.
480 2423 514 2483 55
536 2424 575 2483 ab
597 2420 679 2482 ltalis
699 2421 891 2483 emendatus.

165 2514 333 2577 Clauditur
352 2516 441 2577 locus
462 2515 546 2575 bello
569 2516 723 2577 versiculo
749 2517 809 2594 (57)
840 2536 936 2596 quem
967 2537 1006 2577 ne
1037 2516 1065 2577 ei
1078 2536 1103 2579 sa

88 2610 218 2691 quidem
240 2609 461 2689 intellegebant
480 2610 535 2690 qui
555 2610 707 2671 intactum
721 2611 929 2691 reliquerunt;
950 2632 1064 2692 nempe

89 2706 190 2767 rivum
213 2705 406 2784 praestantis
430 2703 580 2783 imaginis
609 2705 765 2766 undamve
797 2706 857 2767 dici
883 2727 947 2768 non
973 2727 1064 2787 posse

89 2816 229 2880 apparet,
265 2799 383 2862 etiamsi
414 2798 596 2879 Propertius
620 2799 787 2878 formosas
819 2800 920 2862 undas
954 2801 1065 2862 dixerit

91 2897 125 2972 (v.
147 2896 176 2973 ἰ,
198 2895 374 2957 Meinekius
397 2894 437 2955 ad
458 2894 582 2956 Callim.
604 2913 633 2974 p.
648 2895 729 2972 264):
760 2893 833 2955 inde
859 2898 967 2956 turbae
994 2910 1064 2972 post

92 2991 293 3071 Scaligerum.
348 2989 425 3068 quid
446 3004 538 3068 poeta
558 2989 617 3050 sibi
637 2988 772 3049 voluerit
796 2989 912 3050 videbit
941 2988 966 3048 si
993 2987 1063 3065 quis

93 3086 242 3164 capellam
262 3083 324 3145 iam
345 3083 406 3144 iam
426 3083 586 3145 bibentem
607 3103 643 3144 ac
663 3083 730 3144 rivo
744 3083 961 3143 imminentem
982 3081 1064 3161 aspi-

93 3177 163 3253 ciet;
186 3177 263 3239 disci
284 3192 385 3257 potest
403 3198 440 3239 ex
454 3178 582 3258 picturis
598 3177 797 3258 Pompeianis
818 3197 898 3256 quae
920 3176 1063 3255 regiones

93 3288 254 3334 montanas
279 3292 352 3333 cum
379 3274 527 3353 gregibus
551 3273 616 3334 suis
646 3272 824 3348 ostendunt,
854 3272 962 3351 quales
991 3287 1064 3332 sunt

91 3367 242 3428 iudicium
274 3367 391 3427 Paridis
422 3368 560 3448 (Helbigi
591 3367 677 3428 catal.
713 3366 803 3427 1283b
831 3369 892 3426 tab.
919 3366 1002 3440 XVI)
1034 3382 1064 3427 et

90 3463 257 3525 Actaeonis
271 3463 459 3542 supplicium
475 3461 725 3540 (2521ab.V111);
743 3461 912 3539 utrubique
927 3461 1063 3540 capellae
