2528 4202
242 300 285 364 50
605 299 864 347 conunnaamvs

244 478 349 561 potius
369 499 463 542 usum
484 480 639 560 pertinent
658 500 755 561 quem
768 480 907 547 tractavit
921 481 1059 546 Naekius
1074 483 1141 547 Val.
1156 485 1222 548 Cat.

124 611 126 615 ,
243 594 275 656 p.
295 575 347 637 182
371 594 431 655 sq.;
461 573 559 638 alium
578 573 784 638 Woelfflinus
807 575 892 638 arch.
914 596 941 656 2,
962 580 999 656 95
1021 598 1066 659 sq.
1093 579 1131 641 cf.
1153 579 1222 642 Sen.

246 684 346 734 contr.
368 688 396 748 7,
425 690 448 742 1,
472 688 519 747 27.
570 668 610 735 ad
639 669 693 733 illa
723 669 902 750 Vergiliana
931 671 1076 752 proxime
1107 674 1223 737 accedit

241 763 326 828 Ciris
345 784 373 826 v.
393 763 452 842 478
463 764 577 843 fertur
596 771 631 848 ea
643 763 769 828 incertas
787 764 923 830 member
940 765 989 832 ad
998 766 1106 830 amnia
1118 768 1223 844 amas,

242 858 391 922 Lucanus
403 858 429 931 3,
441 857 498 936 390
500 856 679 938 flagrantis
688 857 721 920 in
731 858 837 920 omnia
848 859 927 939 belli,
943 880 970 940 2,
981 862 1039 924 656
1054 861 1222 926 Caesarin

195 977 199 1008 z
239 952 516 1034 amata'praeceps.
550 951 612 1016 hoc
630 951 727 1032 igitur
745 953 805 1014 sibi
819 954 953 1036 sumpsit
966 955 1086 1018 Culicis
1107 972 1223 1034 auctor,

240 1062 274 1108 et
293 1062 359 1109 tam
378 1046 492 1127 cupide
507 1046 645 1127 quidem,
667 1062 701 1109 ut
721 1067 787 1110 non
804 1049 896 1129 plura
909 1049 1066 1131 Vergilius
1081 1051 1224 1132 exempla

242 1144 399 1222 praebeat,
415 1156 480 1204 tam
494 1143 628 1207 obscura
642 1141 762 1206 ratione
776 1143 920 1222 subinde,
935 1160 969 1206 ut
982 1145 1134 1226 pleraque
1150 1165 1224 1208 con-

240 1236 704 1318 iecturistemptatavideamus.
719 1238 954 1319 atquevidimus
964 1238 1223 1302 omm'aluxurae

240 1333 314 1410 459),
333 1340 441 1398 cuncta
451 1332 602 1410 fremunt
613 1331 701 1412 (153),
722 1341 829 1394 cuncta
842 1333 979 1413 paranti
996 1333 1084 1412 (182),
1106 1335 1224 1398 accedit

240 1447 271 1487 v.
293 1427 350 1505 348
369 1426 476 1488 annea
499 1425 605 1499 ventas,
636 1424 742 1488 omnia
765 1425 941 1489 acrbaizibas
967 1437 1043 1491 suat
1064 1429 1168 1492 anxia
1197 1445 1224 1490 et

243 1520 343 1601 magis
357 1520 498 1584 intricata
512 1521 603 1582 haec:
622 1521 678 1584 233
692 1539 784 1602 quem
796 1520 882 1584 circa
895 1521 999 1585 tristes
1011 1522 1181 1586 densentur
1193 1524 1223 1586 in

208 1695 210 1700 Ι
239 1615 348 1680 mnia
360 1625 490 1697 poenae,
516 1634 573 1695 242
594 1615 736 1696 gutturis
754 1615 861 1679 arenti
883 1615 1042 1680 revolutus
1065 1617 1099 1680 in
1118 1618 1224 1680 amata

238 1731 341 1776 samu.
381 1731 449 1777 non
469 1711 510 1772 ita
531 1708 678 1791 explicari
692 1729 783 1790 posse
796 1710 920 1774 videtur
939 1732 968 1774 v.
980 1730 1046 1791 217,
1068 1712 1124 1775 ubi
1137 1712 1223 1789 vide;

238 1807 297 1869 sed
317 1805 459 1872 eiusdem
484 1804 607 1886 generis
628 1825 694 1876 esse
720 1821 849 1886 apparet
872 1807 962 1887 quod
985 1821 1156 1870 tractamus
1176 1828 1223 1869 ve·

239 1901 353 1966 nantas
365 1901 413 1964 ad
427 1901 542 1974 omnm,
563 1914 688 1980 paratus
701 1900 819 1964 scilicet
832 1900 971 1964 venitad
985 1901 1092 1964 omnia
1105 1902 1224 1964 scelera

238 2016 378 2077 serpeus¹
403 2011 438 2059 ut
462 2005 570 2058 cuncta
588 2002 691 2075 parat
707 2014 735 2054 v.
761 1996 823 2072 182,
854 2016 891 2058 ea
921 1996 960 2058 de
990 2015 1083 2068 causa
1111 1997 1222 2058 oculos

242 2091 332 2169 tollit,
352 2091 403 2152 vel
420 2091 526 2171 potius
547 2089 614 2152 eius
634 2087 720 2152 vasus
737 2087 884 2158 tollebant
895 2090 926 2152 'si
941 2109 1007 2152 uon
1020 2111 1123 2162 aurae
1137 2094 1223 2168 (nam

239 2206 294 2248 eas
324 2186 629 2267 quomodocumque
658 2182 812 2263 explicare
847 2185 969 2248 coneris
999 2185 1105 2267 inepta
1140 2203 1222 2262 sunt,

238 2280 305 2342 sive
325 2294 436 2342 ventos
456 2279 618 2359 intellegas
637 2278 789 2358 serpentis
803 2279 922 2341 collum
940 2279 1042 2342 levare
1057 2294 1088 2342 et
1102 2280 1222 2361 erigere

237 2374 306 2436 sive
330 2395 421 2438 auras
451 2373 526 2434 folia
555 2388 716 2437 moventes
745 2388 900 2438 attentum
930 2373 1038 2438 fecisse
1068 2375 1222 2455 serpentis

238 2470 385 2534 altimum
404 2469 529 2546 sumas),
550 2482 581 2530 at
599 2466 668 2530 talis
688 2484 770 2531 certe
791 2489 839 2533 res
863 2469 963 2550 qualis
984 2467 1109 2532 efficere
1122 2470 1223 2532 soleat

241 2579 277 2626 ut
300 2564 342 2628 ad
368 2563 476 2628 omnia
501 2562 640 2624 facinora
664 2563 746 2626 ferae
771 2583 804 2624 se
830 2581 949 2649 parent,
979 2565 1108 2634 famem
1127 2565 1222 2634 dicas,

238 2659 433 2740 cupidinem,
453 2657 670 2722 crudelitatem
689 2658 748 2736 vel,
775 2659 863 2738 quod
887 2660 927 2722 ad
952 2679 1071 2740 angues
1097 2659 1222 2739 potissi-

241 2768 339 2816 mum,
351 2752 499 2834 pertinet:
519 2751 668 2820 tollebant
683 2751 754 2816 irae
772 2752 920 2816 venientis
936 2752 984 2816 ad
998 2754 1105 2816 omnia
1124 2754 1219 2817 vasus.

238 2862 354 2911 notum
375 2861 420 2910 est
439 2846 595 2927 anguibus
621 2848 717 2928 vulgo
736 2847 847 2912 ascribi
871 2848 1075 2911 iracundiam.
1116 2849 1221 2930 lepide

238 2942 354 3006 Cicero
375 2941 408 3003 in
424 2941 587 3004 Vatinium
603 2962 624 3021 4
642 2940 756 3006 amasti
772 2941 874 3005 iratas
893 2942 1042 3016 amnibus,
1061 2944 1149 3023 quod
1163 2964 1221 3026 ega

235 3036 371 3100 smalac
390 3045 418 3098 te
437 3037 598 3116 aspexi-
611 3035 696 3100 sensi
713 3044 804 3116 atque
819 3035 954 3116 propat:
994 3047 1117 3119 repente
1136 3039 1220 3102 enain

239 3141 274 3194 te*
290 3141 452 3212 tamquam
475 3142 602 3211 serpens
620 3152 637 3194 e
657 3130 795 3194 latibulis
818 3130 915 3194 ocult's
937 3130 1149 3208 emanatus,
1176 3134 1220 3197 in·

226 3225 314 3307 flato
340 3224 425 3297 calla,
451 3224 578 3289 mantas
602 3225 773 3292 cervicibus
798 3223 934 3288 indelicta
975 3227 1020 3292 sic
1040 3227 1221 3292 Nicandrus

238 3320 317 3382 ther.
340 3320 389 3383 181
415 3319 472 3386 ἐπὶ
494 3320 626 3404 Ennavia
640 3325 808 3398 κοτέουσα,
832 3320 870 3383 cf.
890 3321 950 3401 469
969 3341 1014 3402 sq.
1059 3322 1220 3404 Vergilius

238 3417 317 3478 Aen
339 3432 370 3491 2,
402 3414 458 3494 379
492 3414 696 3495 ainprauisam
729 3414 836 3496 aspris
871 3414 968 3482 veluti
998 3416 1056 3497 qui
1083 3418 1221 3483 sentibus

235 3520 374 3587 maguam
390 3509 508 3588 pressit
523 3509 614 3572 hami
630 3510 728 3574 amns
747 3509 943 3591 trepidasque
955 3519 1078 3591 reperta
1097 3515 1224 3596 rqiegit

234 3600 411 3666 amantem
430 3601 500 3666 iras
519 3612 551 3665 et
560 3603 689 3682 caerula
702 3602 782 3669 colla
795 3613 969 3686 amentem,
989 3605 1026 3670 cf.
1041 3605 1096 3674 Sil.
1106 3607 1140 3686 ,6,
1163 3611 1219 3672 253
1255 3609 1256 3620 ’
