2528 4202
415 303 460 348 AD
475 301 502 348 V.
517 294 617 356 ’ΜΘ-261
642 312 645 318 ’
969 304 1003 366 8,

40 487 103 548 licet
121 485 194 547 talia
213 483 400 546 substituere
420 484 511 564 quale
530 482 744 558 miserandas,
758 482 813 544 sed
827 482 889 544 hoc
903 477 1007 564 ipsuni

40 581 204 660 flagitatur:
219 593 409 668 tranaturus‚
429 577 619 641 traiciendus
640 577 688 655 (cf.
710 579 775 653 215,
796 580 875 640 Aen.
887 579 906 638 6
906 579 1006 670 ,67r)'.

40 691 122 754 atque
142 689 254 735 notum
269 687 314 735 est
326 692 508 734 sermonem
516 663 669 734 Latinum
685 672 872 754 popularem
890 664 1007 735 multos

39 767 266 857 participiorum
296 767 436 829 defectus
465 756 572 829 multis
602 767 707 829 modis
731 765 846 846 passim
872 767 1008 829 aliorum

38 850 266 943 participiorum
286 881 347 942 ope
366 859 480 922 sarcire
493 861 659 940 studuisse,
679 860 784 923 sedin
798 861 1008 923 urbanitatem

39 957 97 1018 eius
121 956 209 1018 modi
234 972 365 1019 conatus
391 974 567 1036 numquam
596 958 733 1019 multum
759 955 902 1018 valuisse.
952 955 1007 1020 illo

39 1068 133 1113 autem
154 1049 311 1132 participii
328 1069 443 1132 genere
463 1065 494 1112 et
514 1071 602 1113 casca
621 1051 730 1132 lingua
754 1071 811 1113 usa
831 1043 929 1113 estin
949 1071 1009 1114 no-

38 1147 166 1208 minibus
192 1145 297 1226 qualia
316 1143 480 1208 Adolenda
505 1144 727 1212 commitenda
749 1141 1008 1208 secunaitsaera·

37 1240 144 1302 candus
162 1239 369 1303 moribundus
394 1255 425 1302 et
444 1241 621 1303 Varronem
646 1240 690 1303 sic
715 1255 810 1303 usum
835 1261 901 1302 esse
922 1241 1009 1302 vide-

37 1355 111 1397 mus:
133 1327 350 1415 langissimnm
368 1335 503 1417 spaniam
522 1334 777 1398 sertescandarnm
796 1334 957 1398 hominum
977 1334 1014 1398 id

20 1423 178 1508 ¹putarunt
201 1430 257 1507 (de
277 1431 298 1492 l.
319 1431 342 1492 l·
359 1431 386 1508 6,
415 1419 473 1509 ir),
489 1419 652 1492 'verrium
682 1429 831 1492 Flaccum
862 1428 1010 1490 infestis

36 1523 235 1585 Praenestinis
255 1517 313 1586 sic:
338 1523 438 1586 Flora
458 1534 538 1606 qnae
557 1525 652 1587 rebus
661 1517 869 1608 florescendis
883 1533 1013 1604 praeest

36 1619 96 1694 (alia
110 1617 233 1680 Neuius
248 1637 275 1696 2,
296 1619 377 1698 347);
408 1635 501 1701 atque
523 1619 587 1680 fere
608 1635 643 1682 ut
663 1620 809 1682 illo-loco
833 1611 1010 1679 tranaiadus

35 1713 62 1774 in
79 1709 167 1775 libris
189 1713 316 1793 ponitur
331 1719 390 1793 pro
404 1734 443 1776 eo
464 1714 519 1795 qui
533 1714 666 1777 tranabit
681 1728 817 1792 coactus,
837 1728 872 1774 ut
892 1712 1009 1774 scilicet

34 1799 461 1875 ver-bumneu‘t-rumnabeat
476 1799 681 1889 participium
703 1808 795 1888 quale
820 1807 854 1868 in
873 1806 1008 1868 iaciendi

34 1907 122 1965 verbo
133 1916 184 1968 'est
198 1902 396 1976 aaronitas,
412 1903 547 1965 'Plautus
568 1903 646 1964 dixit
659 1901 817 1983 placenda
839 1901 895 1964 das
913 1910 961 1964 est
978 1917 1009 1962 et

29 1997 132 2079 puppis
152 1987 352 2077 ‘permaduit
366 1990 477 2078 probe·
491 1997 589 2076 (Trin.
607 2001 688 2077 -1159
712 1997 803 2078 Epid.
825 1997 881 2076 74).
932 2015 1007 2076 ergo

34 2093 91 2153 aliis
112 2093 179 2154 ista*
191 2090 287 2153 tirba
309 2083 503 2154 mutantibus
524 2092 675 2172 (Scaliger
694 2091 824 2172 quidem
843 2091 954 2172 repetit
974 2105 1013 2156 ut.

33 2179 137 2248 tradita
162 2175 241 2246 'sun't
271 2185 310 2246 ad
340 2179 368 2247 ν’.
388 2187 455 2266 381)
479 2181 699 2250 assensionem
729 2186 948 2253 cohibebimus
975 2201 1009 2248 et

33 2271 266 2342 recordabimur
285 2274 581 2374 eundem‘poetam¹
599 2297 630 2344 et
649 2273 820 2362 serpentem
838 2280 1008 2344 volventem
1021 2319 1022 2329 ι
1033 2292 1058 2330 ἰ·

34 2392 57 2435 et
74 2375 231 2438 volventia
250 2369 394 2438 mambra
414 2393 445 2439 et
458 2377 590 2471 nrnbras
603 2376 792 2468 duplicantes
805 2391 835 2437 et
847 2369 1010 2438 variantes

27 2461 128 2547 ploras,
149 2489 191 2530 ne
212 2469 265 2531 illa
286 2470 460 2551 quidem
436 2492 503 2534 sine
524 2471 675 2552 exemplis
695 2470 798 2533 sed
769 2491 841 2532 vivo
861 2490 1008 2533 sermone

33 2563 114 2642 duce,
138 2564 270 2626 carmini
290 2565 446 2629 intulisse.
490 2590 517 2628 a,

100 2657 223 2720 Obvia
237 2658 310 2720 fit
301 2680 334 2720 1n
359 2659 503 2742 Elysium
528 2658 707 2728 advenienti
738 2661 783 2754 (ut
808 2658 900 2721 odvia
931 2657 1006 2722 Tiri·
1019 2684 1060 2732 261

28 2752 145 2828 pitane
136 2773 170 2814 1n
185 2753 309 2815 Tartari
322 2754 431 2816 limine
446 2777 473 2815 v.
484 2746 555 2832 218)
570 2745 758 2836 Proserpina
772 2773 845 2816 cum
860 2752 1008 2829 heminis,

32 2861 59 2906 ut
78 2862 125 2909 est
146 2847 180 2908 in
201 2848 353 2929 Odyssiae
374 2841 464 2914 2225
486 2841 573 2912 atad
558 2849 735 2928 γυναῖκες
745 2850 927 2936 piabor
903 2873 1013 2934 ωτρυ-Ι

32 2962 76 3003 aar
102 2941 165 3025 γὰρ
193 2941 298 3029 ἀγαυὴ
321 2943 556 3037 Περσεφόνεια,
586 2945 681 3008 ὅσσαι
709 2943 866 3029 ἀριστέων
893 2943 1008 3024 ἄλοχοι

33 3035 99 3100 ἔσαν
119 3034 188 3121 η’δὲ
217 3037 388 3124 θύγατρες,
439 3038 523 3098 inde
542 3036 595 3099 ille
626 3038 795 3100 mulierum
826 3037 1007 3114 comitatus;

32 3125 88 3205 ipsa
120 3148 171 3191 res
201 3147 308 3194 autem
338 3133 475 3196 iteruin
470 3131 679 3210 invenitur,
675 3131 730 3193 in
746 3131 831 3194 Stati
865 3125 1008 3211 epicedio

33 3221 184 3287 Priscillae
201 3222 313 3288 silv.35
299 3229 325 3305 5,
350 3249 373 3306 ε,
394 3218 450 3290 263
469 3227 696 3308 praeterea-si
717 3225 841 3306 quanda
857 3224 914 3306 pia
941 3223 1006 3286 lan·

33 3316 98 3380 data
123 3320 241 3384 naarita
265 3321 389 3383 umbra
404 3322 494 3397 bend
521 3315 609 3384 iubet?
625 3317 673 3382 ira
693 3315 788 3398 sacas
813 3315 1008 3401 Proserpina

33 3411 125 3477 laetas
144 3409 350 3514 egressasque
359 3416 468 3480 sacris
487 3417 606 3478 vetares
618 3407 766 3476 heroidas
779 3413 881 3476 antris
894 3408 1009 3477 lumine

28 3516 183 3612 purpurea
204 3509 337 3574 tristes
346 3503 481 3574 binare
482 3505 633 3572 tenebras
661 3502 823 3588 sertaque
822 3519 866 3570 at
886 3508 1028 3590 Elysias(
1046 3521 1056 3534 ”

32 3603 153 3666 animae
169 3598 399 3685 praester-nere
419 3604 530 3686 fleres·
580 3599 747 3672 adnotavit
768 3613 876 3670 autern
904 3595 1009 3664 Mark-

837 3715 853 3769 6
