<?xml version="1.0" encoding="UTF-8"?>
<!DOCTYPE html PUBLIC "-//W3C//DTD XHTML 1.0 Transitional//EN"
    "http://www.w3.org/TR/xhtml1/DTD/xhtml1-transitional.dtd">
<html xmlns="http://www.w3.org/1999/xhtml" xml:lang="en" lang="en">
 <head>
  <title>
</title>
<meta http-equiv="Content-Type" content="text/html;charset=utf-8" />
  <meta name='ocr-system' content='tesseract 3.04.00' />
  <meta name='ocr-capabilities' content='ocr_page ocr_carea ocr_par ocr_line ocrx_word'/>
</head>
<body>
  <div class='ocr_page' id='page_1' title='image "./cvlexcarmenverg00verggoog_0063.png"; bbox 0 0 2536 4200; ppageno 0'>
   <div class='ocr_carea' id='block_1_1' title="bbox 260 331 875 396">
    <p class='ocr_par' dir='ltr' id='par_1_1' title="bbox 260 331 875 396">
     <span class='ocr_line' id='line_1_1' title="bbox 260 331 875 396; baseline 0.002 -19"><span class='ocrx_word' id='word_1_1' title='bbox 260 337 296 396; x_wconf 78' lang='lat'>50</span> <span class='ocrx_word' id='word_1_2' title='bbox 614 331 875 378; x_wconf 74' lang='lat' dir='ltr'>contmauraaivs</span> 
     </span>
    </p>
   </div>
   <div class='ocr_carea' id='block_1_2' title="bbox 187 510 1262 3724">
    <p class='ocr_par' dir='ltr' id='par_1_2' title="bbox 207 510 1262 2017">
     <span class='ocr_line' id='line_1_2' title="bbox 258 510 1244 594; baseline -0.002 -18"><span class='ocrx_word' id='word_1_3' title='bbox 258 549 294 560; x_wconf 90' lang='lat'>-</span> <span class='ocrx_word' id='word_1_4' title='bbox 315 533 440 594; x_wconf 72' lang='lat' dir='ltr'>tantam</span> <span class='ocrx_word' id='word_1_5' title='bbox 459 512 556 575; x_wconf 83' lang='lat' dir='ltr'>imam</span> <span class='ocrx_word' id='word_1_6' title='bbox 575 511 677 575; x_wconf 76' lang='lat' dir='ltr'>virnii</span> <span class='ocrx_word' id='word_1_7' title='bbox 696 510 838 575; x_wconf 70' lang='lat' dir='ltr'>radicem</span> <span class='ocrx_word' id='word_1_8' title='bbox 857 521 1002 574; x_wconf 80' lang='lat' dir='ltr'>manerat</span> <span class='ocrx_word' id='word_1_9' title='bbox 1024 512 1086 575; x_wconf 75' lang='lat' dir='ltr'>alta</span> <span class='ocrx_word' id='word_1_10' title='bbox 1109 532 1244 594; x_wconf 77' lang='lat' dir='ltr'>quartus</span> 
     </span>
     <span class='ocr_line' id='line_1_3' title="bbox 257 605 1244 688; baseline -0.003 -16"><span class='ocrx_word' id='word_1_11' title='bbox 257 610 352 673; x_wconf 77' lang='lat' dir='ltr'>hunta</span> <span class='ocrx_word' id='word_1_12' title='bbox 371 625 407 671; x_wconf 95' lang='lat' dir='ltr'>ut</span> <span class='ocrx_word' id='word_1_13' title='bbox 427 609 545 670; x_wconf 85' lang='lat' dir='ltr'>Seneca</span> <span class='ocrx_word' id='word_1_14' title='bbox 559 608 652 670; x_wconf 90' lang='lat' dir='ltr'>Herc.</span> <span class='ocrx_word' id='word_1_15' title='bbox 669 609 723 685; x_wconf 79' lang='lat'>572</span> <span class='ocrx_word' id='word_1_16' title='bbox 743 627 825 688; x_wconf 77' lang='lat' dir='ltr'>quar</span> <span class='ocrx_word' id='word_1_17' title='bbox 842 605 942 670; x_wconf 83' lang='lat' dir='ltr'>siloas</span> <span class='ocrx_word' id='word_1_18' title='bbox 958 615 991 669; x_wconf 81' lang='lat' dir='ltr'>et</span> <span class='ocrx_word' id='word_1_19' title='bbox 1006 627 1081 670; x_wconf 85' lang='lat' dir='ltr'>aves</span> <span class='ocrx_word' id='word_1_20' title='bbox 1099 627 1244 688; x_wconf 71' lang='lat' dir='ltr'>saxaque</span> 
     </span>
     <span class='ocr_line' id='line_1_4' title="bbox 257 700 1245 785; baseline -0.004 -17"><span class='ocrx_word' id='word_1_21' title='bbox 257 712 410 768; x_wconf 71' lang='lat' dir='ltr'>tranant</span> <span class='ocrx_word' id='word_1_22' title='bbox 419 723 486 775; x_wconf 88' lang='lat' dir='ltr'>ars,</span> <span class='ocrx_word' id='word_1_23' title='bbox 496 700 966 785; x_wconf 76' lang='lat' dir='ltr'>qttaepraebnrratfhtminibtu</span> <span class='ocrx_word' id='word_1_24' title='bbox 974 701 1152 776; x_wconf 84' lang='lat' dir='ltr'>ntoras,ad</span> <span class='ocrx_word' id='word_1_25' title='bbox 1157 703 1245 765; x_wconf 73' lang='lat' dir='ltr'>cunas</span> 
     </span>
     <span class='ocr_line' id='line_1_5' title="bbox 257 796 1244 879; baseline -0.005 -17"><span class='ocrx_word' id='word_1_26' title='bbox 257 798 391 862; x_wconf 83' lang='lat' dir='ltr'>sonitum</span> <span class='ocrx_word' id='word_1_27' title='bbox 414 796 617 860; x_wconf 77' lang='lat' dir='ltr'><em>constiterant</em></span> <span class='ocrx_word' id='word_1_28' title='bbox 627 798 736 878; x_wconf 82' lang='lat' dir='ltr'>serae,</span> <span class='ocrx_word' id='word_1_29' title='bbox 760 817 842 878; x_wconf 91' lang='lat' dir='ltr'>quos</span> <span class='ocrx_word' id='word_1_30' title='bbox 866 798 955 859; x_wconf 92' lang='lat' dir='ltr'>locos</span> <span class='ocrx_word' id='word_1_31' title='bbox 980 798 1035 860; x_wconf 90' lang='lat' dir='ltr'>ubi</span> <span class='ocrx_word' id='word_1_32' title='bbox 1061 797 1244 879; x_wconf 84' lang='lat' dir='ltr'>inspexeris,</span> 
     </span>
     <span class='ocr_line' id='line_1_6' title="bbox 259 892 1243 973; baseline -0.004 -17"><span class='ocrx_word' id='word_1_33' title='bbox 259 894 338 956; x_wconf 86' lang='lat' dir='ltr'>feras</span> <span class='ocrx_word' id='word_1_34' title='bbox 352 892 489 973; x_wconf 87' lang='lat' dir='ltr'>aptiores</span> <span class='ocrx_word' id='word_1_35' title='bbox 503 892 578 955; x_wconf 89' lang='lat' dir='ltr'>huic</span> <span class='ocrx_word' id='word_1_36' title='bbox 591 893 664 955; x_wconf 93' lang='lat' dir='ltr'>loco</span> <span class='ocrx_word' id='word_1_37' title='bbox 679 892 774 954; x_wconf 87' lang='lat' dir='ltr'>fuisse</span> <span class='ocrx_word' id='word_1_38' title='bbox 788 893 964 973; x_wconf 58' lang='lat' dir='ltr'>intellegam</span> <span class='ocrx_word' id='word_1_39' title='bbox 981 911 1039 955; x_wconf 91' lang='lat' dir='ltr'>nec</span> <span class='ocrx_word' id='word_1_40' title='bbox 1054 907 1157 955; x_wconf 90' lang='lat' dir='ltr'>certus</span> <span class='ocrx_word' id='word_1_41' title='bbox 1171 912 1243 954; x_wconf 92' lang='lat' dir='ltr'>sum</span> 
     </span>
     <span class='ocr_line' id='line_1_7' title="bbox 259 986 1243 1069; baseline -0.002 -19"><span class='ocrx_word' id='word_1_42' title='bbox 259 1003 368 1069; x_wconf 90' lang='lat' dir='ltr'>poetae</span> <span class='ocrx_word' id='word_1_43' title='bbox 383 1007 424 1049; x_wconf 91' lang='lat' dir='ltr'>an</span> <span class='ocrx_word' id='word_1_44' title='bbox 436 986 566 1049; x_wconf 90' lang='lat' dir='ltr'>librario</span> <span class='ocrx_word' id='word_1_45' title='bbox 580 987 671 1048; x_wconf 86' lang='lat' dir='ltr'>silvas</span> <span class='ocrx_word' id='word_1_46' title='bbox 688 987 853 1068; x_wconf 90' lang='lat' dir='ltr'>imputem.</span> <span class='ocrx_word' id='word_1_47' title='bbox 894 986 932 1049; x_wconf 86' lang='lat' dir='ltr'>cf.</span> <span class='ocrx_word' id='word_1_48' title='bbox 947 988 1088 1050; x_wconf 87' lang='lat' dir='ltr'>Bauerus</span> <span class='ocrx_word' id='word_1_49' title='bbox 1102 987 1122 1049; x_wconf 93' lang='lat' dir='ltr'>l.</span> <span class='ocrx_word' id='word_1_50' title='bbox 1136 1009 1161 1049; x_wconf 87' lang='lat' dir='ltr'>s.</span> <span class='ocrx_word' id='word_1_51' title='bbox 1177 988 1243 1048; x_wconf 82' lang='lat'><strong>365.</strong></span> 
     </span>
     <span class='ocr_line' id='line_1_8' title="bbox 207 1081 1245 1164; baseline -0.004 -18"><span class='ocrx_word' id='word_1_52' title='bbox 207 1099 246 1146; x_wconf 81' lang='lat'>119</span> <span class='ocrx_word' id='word_1_53' title='bbox 260 1117 296 1129; x_wconf 89' lang='lat'>·-</span> <span class='ocrx_word' id='word_1_54' title='bbox 317 1103 345 1144; x_wconf 90' lang='lat' dir='ltr'>v.</span> <span class='ocrx_word' id='word_1_55' title='bbox 367 1102 420 1162; x_wconf 89' lang='lat'>119</span> <span class='ocrx_word' id='word_1_56' title='bbox 439 1090 592 1163; x_wconf 83' lang='lat' dir='ltr'>quantttm</span> <span class='ocrx_word' id='word_1_57' title='bbox 612 1081 786 1144; x_wconf 90' lang='lat' dir='ltr'>Bembinus</span> <span class='ocrx_word' id='word_1_58' title='bbox 811 1082 919 1160; x_wconf 88' lang='lat' dir='ltr'>habet,</span> <span class='ocrx_word' id='word_1_59' title='bbox 946 1102 1044 1164; x_wconf 87' lang='lat' dir='ltr'>quam</span> <span class='ocrx_word' id='word_1_60' title='bbox 1068 1081 1245 1144; x_wconf 90' lang='lat' dir='ltr'>Thuaneus</span> 
     </span>
     <span class='ocr_line' id='line_1_9' title="bbox 261 1176 1245 1258; baseline -0.002 -18"><span class='ocrx_word' id='word_1_61' title='bbox 261 1177 528 1258; x_wconf 83' lang='lat' dir='ltr'>Cantabrigiensis</span> <span class='ocrx_word' id='word_1_62' title='bbox 541 1177 603 1256; x_wconf 74' lang='lat' dir='ltr'>alii,</span> <span class='ocrx_word' id='word_1_63' title='bbox 616 1197 713 1258; x_wconf 85' lang='lat' dir='ltr'>qnam</span> <span class='ocrx_word' id='word_1_64' title='bbox 728 1186 793 1240; x_wconf 90' lang='lat' dir='ltr'>tum</span> <span class='ocrx_word' id='word_1_65' title='bbox 803 1176 1007 1240; x_wconf 89' lang='lat' dir='ltr'>Colbertinus</span> <span class='ocrx_word' id='word_1_66' title='bbox 1021 1193 1052 1239; x_wconf 89' lang='lat' dir='ltr'>et</span> <span class='ocrx_word' id='word_1_67' title='bbox 1061 1178 1245 1252; x_wconf 82' lang='lat' dir='ltr'>Vossianus,</span> 
     </span>
     <span class='ocr_line' id='line_1_10' title="bbox 261 1271 1246 1354; baseline 0.001 -20"><span class='ocrx_word' id='word_1_68' title='bbox 261 1291 338 1353; x_wconf 82' lang='lat' dir='ltr'>ergo</span> <span class='ocrx_word' id='word_1_69' title='bbox 359 1271 392 1333; x_wconf 94' lang='lat' dir='ltr'>in</span> <span class='ocrx_word' id='word_1_70' title='bbox 412 1272 598 1354; x_wconf 77' lang='lat' dir='ltr'>apographo</span> <span class='ocrx_word' id='word_1_71' title='bbox 618 1271 726 1353; x_wconf 93' lang='lat' dir='ltr'>aliquo</span> <span class='ocrx_word' id='word_1_72' title='bbox 747 1272 811 1334; x_wconf 87' lang='lat' dir='ltr'>sive</span> <span class='ocrx_word' id='word_1_73' title='bbox 837 1272 871 1333; x_wconf 91' lang='lat' dir='ltr'>in</span> <span class='ocrx_word' id='word_1_74' title='bbox 896 1271 965 1352; x_wconf 87' lang='lat' dir='ltr'>ipso</span> <span class='ocrx_word' id='word_1_75' title='bbox 986 1273 1159 1354; x_wconf 89' lang='lat' dir='ltr'>archetypo</span> <span class='ocrx_word' id='word_1_76' title='bbox 1180 1283 1246 1335; x_wconf 84' lang='lat' dir='ltr'>tum</span> 
     </span>
     <span class='ocr_line' id='line_1_11' title="bbox 262 1366 1247 1448; baseline 0.001 -19"><span class='ocrx_word' id='word_1_77' title='bbox 262 1366 416 1429; x_wconf 91' lang='lat' dir='ltr'>omissum</span> <span class='ocrx_word' id='word_1_78' title='bbox 436 1382 468 1428; x_wconf 90' lang='lat' dir='ltr'>et</span> <span class='ocrx_word' id='word_1_79' title='bbox 487 1367 733 1448; x_wconf 89' lang='lat' dir='ltr'>superscriptum</span> <span class='ocrx_word' id='word_1_80' title='bbox 754 1381 827 1428; x_wconf 88' lang='lat' dir='ltr'>erat.</span> <span class='ocrx_word' id='word_1_81' title='bbox 867 1385 964 1447; x_wconf 84' lang='lat' dir='ltr'>qnam</span> <span class='ocrx_word' id='word_1_82' title='bbox 983 1376 1048 1428; x_wconf 84' lang='lat' dir='ltr'>tttm</span> <span class='ocrx_word' id='word_1_83' title='bbox 1068 1382 1177 1429; x_wconf 90' lang='lat' dir='ltr'>autem</span> <span class='ocrx_word' id='word_1_84' title='bbox 1193 1389 1247 1430; x_wconf 91' lang='lat' dir='ltr'>ne-</span> 
     </span>
     <span class='ocr_line' id='line_1_12' title="bbox 261 1461 1247 1543; baseline 0 -19"><span class='ocrx_word' id='word_1_85' title='bbox 261 1480 422 1543; x_wconf 90' lang='lat' dir='ltr'>quaquam</span> <span class='ocrx_word' id='word_1_86' title='bbox 436 1462 550 1523; x_wconf 90' lang='lat' dir='ltr'>melius</span> <span class='ocrx_word' id='word_1_87' title='bbox 564 1476 618 1539; x_wconf 77' lang='lat' dir='ltr'>est,</span> <span class='ocrx_word' id='word_1_88' title='bbox 638 1461 795 1542; x_wconf 87' lang='lat' dir='ltr'>siquidem</span> <span class='ocrx_word' id='word_1_89' title='bbox 808 1479 902 1542; x_wconf 83' lang='lat' dir='ltr'>egere</span> <span class='ocrx_word' id='word_1_90' title='bbox 919 1481 947 1523; x_wconf 91' lang='lat' dir='ltr'>v.</span> <span class='ocrx_word' id='word_1_91' title='bbox 967 1462 1020 1523; x_wconf 82' lang='lat'>116</span> <span class='ocrx_word' id='word_1_92' title='bbox 1034 1461 1247 1543; x_wconf 87' lang='lat' dir='ltr'>frequentiam</span> 
     </span>
     <span class='ocr_line' id='line_1_13' title="bbox 262 1556 1248 1637; baseline 0.003 -19"><span class='ocrx_word' id='word_1_93' title='bbox 262 1556 394 1618; x_wconf 89' lang='lat' dir='ltr'>actionis</span> <span class='ocrx_word' id='word_1_94' title='bbox 424 1556 553 1635; x_wconf 85' lang='lat' dir='ltr'>indicat,</span> <span class='ocrx_word' id='word_1_95' title='bbox 585 1576 651 1618; x_wconf 92' lang='lat' dir='ltr'>non</span> <span class='ocrx_word' id='word_1_96' title='bbox 680 1572 797 1619; x_wconf 86' lang='lat' dir='ltr'>certam</span> <span class='ocrx_word' id='word_1_97' title='bbox 825 1556 965 1637; x_wconf 87' lang='lat' dir='ltr'>aliquam</span> <span class='ocrx_word' id='word_1_98' title='bbox 991 1557 1124 1619; x_wconf 90' lang='lat' dir='ltr'>saltandi</span> <span class='ocrx_word' id='word_1_99' title='bbox 1156 1578 1248 1621; x_wconf 89' lang='lat' dir='ltr'>occa-</span> 
     </span>
     <span class='ocr_line' id='line_1_14' title="bbox 262 1651 1247 1733; baseline 0.004 -21"><span class='ocrx_word' id='word_1_100' title='bbox 262 1651 394 1713; x_wconf 89' lang='lat' dir='ltr'>sionem.</span> <span class='ocrx_word' id='word_1_101' title='bbox 430 1651 549 1731; x_wconf 79' lang='lat' dir='ltr'>perm&#39;x</span> <span class='ocrx_word' id='word_1_102' title='bbox 573 1651 706 1713; x_wconf 84' lang='lat' dir='ltr'>restituit</span> <span class='ocrx_word' id='word_1_103' title='bbox 731 1651 904 1713; x_wconf 87' lang='lat' dir='ltr'>Vossianus</span> <span class='ocrx_word' id='word_1_104' title='bbox 931 1651 1059 1733; x_wconf 80' lang='lat' dir='ltr'>(pernig</span> <span class='ocrx_word' id='word_1_105' title='bbox 1081 1652 1155 1714; x_wconf 90' lang='lat' dir='ltr'>libri</span> <span class='ocrx_word' id='word_1_106' title='bbox 1181 1675 1247 1716; x_wconf 92' lang='lat' dir='ltr'>non</span> 
     </span>
     <span class='ocr_line' id='line_1_15' title="bbox 261 1745 1247 1827; baseline 0.004 -21"><span class='ocrx_word' id='word_1_107' title='bbox 261 1746 462 1827; x_wconf 87' lang='lat' dir='ltr'>interpolati),</span> <span class='ocrx_word' id='word_1_108' title='bbox 483 1746 571 1827; x_wconf 93' lang='lat' dir='ltr'>quod</span> <span class='ocrx_word' id='word_1_109' title='bbox 591 1765 656 1807; x_wconf 93' lang='lat' dir='ltr'>non</span> <span class='ocrx_word' id='word_1_110' title='bbox 676 1765 750 1808; x_wconf 91' lang='lat' dir='ltr'>cum</span> <span class='ocrx_word' id='word_1_111' title='bbox 770 1745 887 1808; x_wconf 79' lang='lat' dir='ltr'>chorea</span> <span class='ocrx_word' id='word_1_112' title='bbox 906 1747 1171 1827; x_wconf 84' lang='lat' dir='ltr'>coniungendum</span> <span class='ocrx_word' id='word_1_113' title='bbox 1194 1765 1247 1822; x_wconf 76' lang='lat' dir='ltr'>est</span> 
     </span>
     <span class='ocr_line' id='line_1_16' title="bbox 261 1840 1262 1923; baseline 0.003 -20"><span class='ocrx_word' id='word_1_114' title='bbox 261 1841 333 1903; x_wconf 89' lang='lat' dir='ltr'>licet</span> <span class='ocrx_word' id='word_1_115' title='bbox 346 1841 512 1904; x_wconf 90' lang='lat' dir='ltr'>Lucretius</span> <span class='ocrx_word' id='word_1_116' title='bbox 526 1841 640 1904; x_wconf 87' lang='lat' dir='ltr'>habeat</span> <span class='ocrx_word' id='word_1_117' title='bbox 654 1859 681 1919; x_wconf 84' lang='lat'>2,</span> <span class='ocrx_word' id='word_1_118' title='bbox 701 1841 758 1902; x_wconf 79' lang='lat'>635</span> <span class='ocrx_word' id='word_1_119' title='bbox 780 1860 849 1902; x_wconf 89' lang='lat' dir='ltr'>cum</span> <span class='ocrx_word' id='word_1_120' title='bbox 862 1840 962 1921; x_wconf 77' lang='lat' dir='ltr'>pueri</span> <span class='ocrx_word' id='word_1_121' title='bbox 978 1842 1098 1904; x_wconf 85' lang='lat' dir='ltr'>circum</span> <span class='ocrx_word' id='word_1_122' title='bbox 1104 1852 1262 1923; x_wconf 45' lang='lat' dir='ltr'>patarum¹</span> 
     </span>
     <span class='ocr_line' id='line_1_17' title="bbox 258 1935 1249 2017; baseline 0.001 -17"><span class='ocrx_word' id='word_1_123' title='bbox 258 1936 384 2017; x_wconf 79' lang='lat' dir='ltr'>pernt&#39;ce</span> <span class='ocrx_word' id='word_1_124' title='bbox 402 1936 517 2014; x_wconf 79' lang='lat' dir='ltr'>cltarea</span> <span class='ocrx_word' id='word_1_125' title='bbox 541 1935 666 1998; x_wconf 81' lang='lat' dir='ltr'>arnmtr&#39;</span> <span class='ocrx_word' id='word_1_126' title='bbox 688 1935 721 1998; x_wconf 75' lang='lat' dir='ltr'>in</span> <span class='ocrx_word' id='word_1_127' title='bbox 747 1955 914 1998; x_wconf 79' lang='lat' dir='ltr'>nanterum</span> <span class='ocrx_word' id='word_1_128' title='bbox 933 1935 1103 2017; x_wconf 81' lang='lat' dir='ltr'>pulsarent</span> <span class='ocrx_word' id='word_1_129' title='bbox 1118 1939 1249 2001; x_wconf 72' lang='lat' dir='ltr'>acribia</span> 
     </span>
    </p>

    <p class='ocr_par' dir='ltr' id='par_1_3' title="bbox 224 2029 1249 2491">
     <span class='ocr_line' id='line_1_18' title="bbox 224 2029 1248 2112; baseline 0.002 -20"><span class='ocrx_word' id='word_1_130' title='bbox 224 2030 225 2034; x_wconf 69' lang='grc'>’</span> <span class='ocrx_word' id='word_1_131' title='bbox 264 2051 344 2092; x_wconf 87' lang='lat' dir='ltr'>aera</span> <span class='ocrx_word' id='word_1_132' title='bbox 364 2031 413 2109; x_wconf 81' lang='lat' dir='ltr'>(cl.</span> <span class='ocrx_word' id='word_1_133' title='bbox 435 2030 594 2111; x_wconf 72' lang='lat' dir='ltr'>Silligiusl,</span> <span class='ocrx_word' id='word_1_134' title='bbox 615 2031 670 2093; x_wconf 90' lang='lat' dir='ltr'>sed</span> <span class='ocrx_word' id='word_1_135' title='bbox 691 2050 765 2093; x_wconf 90' lang='lat' dir='ltr'>cum</span> <span class='ocrx_word' id='word_1_136' title='bbox 786 2029 878 2105; x_wconf 85' lang='lat' dir='ltr'>diva;</span> <span class='ocrx_word' id='word_1_137' title='bbox 897 2050 1001 2112; x_wconf 90' lang='lat' dir='ltr'>neque</span> <span class='ocrx_word' id='word_1_138' title='bbox 1021 2032 1108 2094; x_wconf 91' lang='lat' dir='ltr'>enim</span> <span class='ocrx_word' id='word_1_139' title='bbox 1127 2047 1248 2096; x_wconf 88' lang='lat' dir='ltr'>temere</span> 
     </span>
     <span class='ocr_line' id='line_1_19' title="bbox 263 2124 1249 2206; baseline 0.003 -18"><span class='ocrx_word' id='word_1_140' title='bbox 263 2127 350 2188; x_wconf 84' lang='lat' dir='ltr'>iuxta</span> <span class='ocrx_word' id='word_1_141' title='bbox 374 2124 480 2206; x_wconf 90' lang='lat' dir='ltr'>posuit</span> <span class='ocrx_word' id='word_1_142' title='bbox 501 2125 623 2206; x_wconf 81' lang='lat' dir='ltr'>pernix</span> <span class='ocrx_word' id='word_1_143' title='bbox 651 2135 874 2188; x_wconf 80' lang='lat' dir='ltr'>remorantem.</span> <span class='ocrx_word' id='word_1_144' title='bbox 924 2125 1005 2188; x_wconf 90' lang='lat' dir='ltr'>illud</span> <span class='ocrx_word' id='word_1_145' title='bbox 1033 2139 1249 2191; x_wconf 76' lang='lat' dir='ltr'>remorantem</span> 
     </span>
     <span class='ocr_line' id='line_1_20' title="bbox 265 2220 1248 2304; baseline 0.001 -21"><span class='ocrx_word' id='word_1_146' title='bbox 265 2240 395 2302; x_wconf 89' lang='lat' dir='ltr'>compar</span> <span class='ocrx_word' id='word_1_147' title='bbox 414 2220 535 2282; x_wconf 90' lang='lat' dir='ltr'>accedit</span> <span class='ocrx_word' id='word_1_148' title='bbox 554 2220 595 2281; x_wconf 92' lang='lat' dir='ltr'>ad</span> <span class='ocrx_word' id='word_1_149' title='bbox 614 2229 792 2294; x_wconf 84' lang='lat' dir='ltr'>restantem,</span> <span class='ocrx_word' id='word_1_150' title='bbox 812 2222 909 2283; x_wconf 90' lang='lat' dir='ltr'>ambo</span> <span class='ocrx_word' id='word_1_151' title='bbox 924 2221 1084 2304; x_wconf 89' lang='lat' dir='ltr'>participia</span> <span class='ocrx_word' id='word_1_152' title='bbox 1098 2223 1248 2286; x_wconf 85' lang='lat' dir='ltr'>effectum</span> 
     </span>
     <span class='ocr_line' id='line_1_21' title="bbox 265 2316 1249 2396; baseline 0.003 -19"><span class='ocrx_word' id='word_1_153' title='bbox 265 2316 413 2392; x_wconf 86' lang='lat' dir='ltr'>indicant,</span> <span class='ocrx_word' id='word_1_154' title='bbox 438 2317 534 2376; x_wconf 90' lang='lat' dir='ltr'>ambo</span> <span class='ocrx_word' id='word_1_155' title='bbox 559 2334 625 2376; x_wconf 93' lang='lat' dir='ltr'>uno</span> <span class='ocrx_word' id='word_1_156' title='bbox 651 2317 750 2376; x_wconf 88' lang='lat' dir='ltr'>verbo</span> <span class='ocrx_word' id='word_1_157' title='bbox 775 2331 928 2396; x_wconf 84' lang='lat' dir='ltr'>reguntur</span> <span class='ocrx_word' id='word_1_158' title='bbox 952 2317 1041 2396; x_wconf 93' lang='lat' dir='ltr'>quod</span> <span class='ocrx_word' id='word_1_159' title='bbox 1067 2332 1113 2379; x_wconf 90' lang='lat' dir='ltr'>est</span> <span class='ocrx_word' id='word_1_160' title='bbox 1139 2319 1249 2388; x_wconf 73' lang='lat' dir='ltr'>tenuit·</span> 
     </span>
     <span class='ocr_line' id='line_1_22' title="bbox 264 2409 1248 2491; baseline 0.003 -19"><span class='ocrx_word' id='word_1_161' title='bbox 264 2411 416 2473; x_wconf 88' lang='lat' dir='ltr'>leviorem</span> <span class='ocrx_word' id='word_1_162' title='bbox 442 2409 538 2490; x_wconf 83' lang='lat' dir='ltr'>igitur</span> <span class='ocrx_word' id='word_1_163' title='bbox 561 2429 742 2473; x_wconf 91' lang='lat' dir='ltr'>sermonem</span> <span class='ocrx_word' id='word_1_164' title='bbox 770 2411 858 2491; x_wconf 91' lang='lat' dir='ltr'>quod</span> <span class='ocrx_word' id='word_1_165' title='bbox 878 2410 1020 2473; x_wconf 82' lang='lat' dir='ltr'>fecerunt</span> <span class='ocrx_word' id='word_1_166' title='bbox 1040 2413 1138 2474; x_wconf 91' lang='lat' dir='ltr'>verbo</span> <span class='ocrx_word' id='word_1_167' title='bbox 1161 2413 1248 2475; x_wconf 90' lang='lat' dir='ltr'>finito</span> 
     </span>
    </p>

    <p class='ocr_par' dir='ltr' id='par_1_4' title="bbox 187 2504 1260 3724">
     <span class='ocr_line' id='line_1_23' title="bbox 233 2504 1249 2587; baseline 0.002 -21"><span class='ocrx_word' id='word_1_168' title='bbox 233 2521 236 2526; x_wconf 84' lang='lat'>·</span> <span class='ocrx_word' id='word_1_169' title='bbox 265 2510 497 2578; x_wconf 83' lang='lat' dir='ltr'>(remorantur)</span> <span class='ocrx_word' id='word_1_170' title='bbox 517 2504 696 2583; x_wconf 86' lang='lat' dir='ltr'>substituto,</span> <span class='ocrx_word' id='word_1_171' title='bbox 717 2519 826 2567; x_wconf 87' lang='lat' dir='ltr'>contra</span> <span class='ocrx_word' id='word_1_172' title='bbox 843 2522 955 2587; x_wconf 88' lang='lat' dir='ltr'>poetae</span> <span class='ocrx_word' id='word_1_173' title='bbox 975 2506 1147 2569; x_wconf 86' lang='lat' dir='ltr'>consiliunt</span> <span class='ocrx_word' id='word_1_174' title='bbox 1168 2507 1249 2570; x_wconf 86' lang='lat' dir='ltr'>fece-</span> 
     </span>
     <span class='ocr_line' id='line_1_24' title="bbox 265 2598 1260 2684; baseline 0.002 -22"><span class='ocrx_word' id='word_1_175' title='bbox 265 2615 348 2663; x_wconf 78' lang='lat' dir='ltr'>runt</span> <span class='ocrx_word' id='word_1_176' title='bbox 388 2598 504 2661; x_wconf 79' lang='lat' dir='ltr'>charra</span> <span class='ocrx_word' id='word_1_177' title='bbox 527 2599 553 2660; x_wconf 91' lang='lat' dir='ltr'>si</span> <span class='ocrx_word' id='word_1_178' title='bbox 579 2599 649 2681; x_wconf 93' lang='lat' dir='ltr'>quis</span> <span class='ocrx_word' id='word_1_179' title='bbox 668 2600 852 2662; x_wconf 86' lang='lat' dir='ltr'>subiectum</span> <span class='ocrx_word' id='word_1_180' title='bbox 879 2621 945 2663; x_wconf 91' lang='lat' dir='ltr'>esse</span> <span class='ocrx_word' id='word_1_181' title='bbox 975 2601 1059 2664; x_wconf 89' lang='lat' dir='ltr'>dicat</span> <span class='ocrx_word' id='word_1_182' title='bbox 1083 2621 1160 2664; x_wconf 93' lang='lat' dir='ltr'>cum</span> <span class='ocrx_word' id='word_1_183' title='bbox 1188 2623 1260 2684; x_wconf 51' lang='lat' dir='ltr'>quo¹</span> 
     </span>
     <span class='ocr_line' id='line_1_25' title="bbox 266 2694 1250 2778; baseline 0.001 -20"><span class='ocrx_word' id='word_1_184' title='bbox 266 2694 466 2778; x_wconf 87' lang='lat' dir='ltr'>participium</span> <span class='ocrx_word' id='word_1_185' title='bbox 487 2695 608 2776; x_wconf 89' lang='lat' dir='ltr'>plurale</span> <span class='ocrx_word' id='word_1_186' title='bbox 628 2695 834 2758; x_wconf 92' lang='lat' dir='ltr'>coniunctum</span> <span class='ocrx_word' id='word_1_187' title='bbox 859 2695 899 2757; x_wconf 92' lang='lat' dir='ltr'>sit</span> <span class='ocrx_word' id='word_1_188' title='bbox 909 2697 1088 2776; x_wconf 65' lang='lat' dir='ltr'>fiandans,</span> <span class='ocrx_word' id='word_1_189' title='bbox 1114 2716 1186 2759; x_wconf 93' lang='lat' dir='ltr'>non</span> <span class='ocrx_word' id='word_1_190' title='bbox 1209 2698 1250 2760; x_wconf 91' lang='lat' dir='ltr'>ni-</span> 
     </span>
     <span class='ocr_line' id='line_1_26' title="bbox 268 2789 1250 2871; baseline 0.003 -20"><span class='ocrx_word' id='word_1_191' title='bbox 268 2790 369 2853; x_wconf 92' lang='lat' dir='ltr'>mium</span> <span class='ocrx_word' id='word_1_192' title='bbox 395 2809 489 2851; x_wconf 90' lang='lat' dir='ltr'>ausus</span> <span class='ocrx_word' id='word_1_193' title='bbox 517 2810 583 2852; x_wconf 91' lang='lat' dir='ltr'>esse</span> <span class='ocrx_word' id='word_1_194' title='bbox 608 2789 751 2852; x_wconf 88' lang='lat' dir='ltr'>videatur</span> <span class='ocrx_word' id='word_1_195' title='bbox 776 2806 883 2871; x_wconf 89' lang='lat' dir='ltr'>poeta;</span> <span class='ocrx_word' id='word_1_196' title='bbox 909 2791 947 2854; x_wconf 84' lang='lat' dir='ltr'>cl.</span> <span class='ocrx_word' id='word_1_197' title='bbox 972 2792 1047 2854; x_wconf 90' lang='lat' dir='ltr'>Tac.</span> <span class='ocrx_word' id='word_1_198' title='bbox 1069 2811 1143 2853; x_wconf 90' lang='lat' dir='ltr'>ann.</span> <span class='ocrx_word' id='word_1_199' title='bbox 1164 2811 1197 2871; x_wconf 69' lang='grc'>4,</span> <span class='ocrx_word' id='word_1_200' title='bbox 1220 2813 1250 2868; x_wconf 77' lang='lat'>29</span> 
     </span>
     <span class='ocr_line' id='line_1_27' title="bbox 265 2882 1251 2968; baseline 0.001 -23"><span class='ocrx_word' id='word_1_201' title='bbox 265 2882 358 2965; x_wconf 76' lang='lat' dir='ltr'>malgt&#39;</span> <span class='ocrx_word' id='word_1_202' title='bbox 368 2918 407 2927; x_wconf 95' lang='lat'>-</span> <span class='ocrx_word' id='word_1_203' title='bbox 417 2883 663 2965; x_wconf 63' lang='lat' dir='ltr'>parricidarum</span> <span class='ocrx_word' id='word_1_204' title='bbox 675 2893 797 2965; x_wconf 81' lang='lat' dir='ltr'>poertos</span> <span class='ocrx_word' id='word_1_205' title='bbox 816 2884 1035 2948; x_wconf 78' lang='lat' dir='ltr'>manitantinm.</span> <span class='ocrx_word' id='word_1_206' title='bbox 1072 2886 1129 2948; x_wconf 91' lang='lat' dir='ltr'>sed</span> <span class='ocrx_word' id='word_1_207' title='bbox 1149 2903 1251 2968; x_wconf 84' lang='lat' dir='ltr'>potest</span> 
     </span>
     <span class='ocr_line' id='line_1_28' title="bbox 266 2978 1250 3064; baseline 0.002 -23"><span class='ocrx_word' id='word_1_208' title='bbox 266 2979 382 3041; x_wconf 78' lang='lat' dir='ltr'>charra</span> <span class='ocrx_word' id='word_1_209' title='bbox 395 2978 548 3040; x_wconf 88' lang='lat' dir='ltr'>ablativus</span> <span class='ocrx_word' id='word_1_210' title='bbox 562 2999 629 3042; x_wconf 90' lang='lat' dir='ltr'>esse</span> <span class='ocrx_word' id='word_1_211' title='bbox 642 2994 678 3040; x_wconf 95' lang='lat' dir='ltr'>ut</span> <span class='ocrx_word' id='word_1_212' title='bbox 692 2979 953 3061; x_wconf 84' lang='lat' dir='ltr'>subintellegatur</span> <span class='ocrx_word' id='word_1_213' title='bbox 965 2989 1131 3044; x_wconf 77' lang='lat' dir='ltr'>tennerunt</span> <span class='ocrx_word' id='word_1_214' title='bbox 1149 2983 1250 3064; x_wconf 88' lang='lat' dir='ltr'>(nym-</span> 
     </span>
     <span class='ocr_line' id='line_1_29' title="bbox 266 3072 1250 3156; baseline 0.004 -22"><span class='ocrx_word' id='word_1_215' title='bbox 266 3072 523 3154; x_wconf 79' lang='lat' dir='ltr'>phaefitndrntes</span> <span class='ocrx_word' id='word_1_216' title='bbox 529 3073 675 3154; x_wconf 71' lang='lat' dir='ltr'>gardra).</span> <span class='ocrx_word' id='word_1_217' title='bbox 705 3073 750 3136; x_wconf 92' lang='lat' dir='ltr'>sic</span> <span class='ocrx_word' id='word_1_218' title='bbox 764 3075 898 3136; x_wconf 89' lang='lat' dir='ltr'>trahitur</span> <span class='ocrx_word' id='word_1_219' title='bbox 907 3091 1001 3156; x_wconf 86' lang='lat' dir='ltr'>poeta</span> <span class='ocrx_word' id='word_1_220' title='bbox 1013 3076 1054 3138; x_wconf 89' lang='lat' dir='ltr'>ad</span> <span class='ocrx_word' id='word_1_221' title='bbox 1064 3077 1250 3139; x_wconf 89' lang='lat' dir='ltr'>umbrosam</span> 
     </span>
     <span class='ocr_line' id='line_1_30' title="bbox 268 3168 1250 3250; baseline 0.006 -21"><span class='ocrx_word' id='word_1_222' title='bbox 268 3169 482 3250; x_wconf 89' lang='lat' dir='ltr'>nympharum</span> <span class='ocrx_word' id='word_1_223' title='bbox 497 3168 630 3230; x_wconf 92' lang='lat' dir='ltr'>domum</span> <span class='ocrx_word' id='word_1_224' title='bbox 644 3169 893 3232; x_wconf 86' lang='lat' dir='ltr'>describendam.</span> <span class='ocrx_word' id='word_1_225' title='bbox 927 3171 979 3232; x_wconf 93' lang='lat' dir='ltr'>cui</span> <span class='ocrx_word' id='word_1_226' title='bbox 998 3173 1154 3234; x_wconf 91' lang='lat' dir='ltr'>arborum</span> <span class='ocrx_word' id='word_1_227' title='bbox 1173 3189 1250 3235; x_wconf 88' lang='lat' dir='ltr'>cata-</span> 
     </span>
     <span class='ocr_line' id='line_1_31' title="bbox 191 3263 1250 3345; baseline 0.008 -21"><span class='ocrx_word' id='word_1_228' title='bbox 191 3263 343 3342; x_wconf 65' lang='lat' dir='ltr'>malogo</span> <span class='ocrx_word' id='word_1_229' title='bbox 355 3264 531 3343; x_wconf 77' lang='lat'>(123-145)</span> <span class='ocrx_word' id='word_1_230' title='bbox 553 3264 642 3344; x_wconf 87' lang='lat' dir='ltr'>quasi</span> <span class='ocrx_word' id='word_1_231' title='bbox 655 3265 825 3345; x_wconf 88' lang='lat' dir='ltr'>respondet</span> <span class='ocrx_word' id='word_1_232' title='bbox 838 3265 955 3328; x_wconf 82' lang='lat' dir='ltr'>flamm</span> <span class='ocrx_word' id='word_1_233' title='bbox 969 3265 1002 3328; x_wconf 91' lang='lat' dir='ltr'>in</span> <span class='ocrx_word' id='word_1_234' title='bbox 1015 3267 1078 3328; x_wconf 86' lang='lat' dir='ltr'>fine</span> <span class='ocrx_word' id='word_1_235' title='bbox 1093 3269 1250 3333; x_wconf 79' lang='lat' dir='ltr'>carminis</span> 
     </span>
     <span class='ocr_line' id='line_1_32' title="bbox 187 3356 1250 3442; baseline 0.004 -24"><span class='ocrx_word' id='word_1_236' title='bbox 187 3411 190 3418; x_wconf 94' lang='lat'>.</span> <span class='ocrx_word' id='word_1_237' title='bbox 267 3356 441 3437; x_wconf 91' lang='lat' dir='ltr'>simplicior</span> <span class='ocrx_word' id='word_1_238' title='bbox 466 3357 518 3420; x_wconf 91' lang='lat' dir='ltr'>ille</span> <span class='ocrx_word' id='word_1_239' title='bbox 538 3360 633 3420; x_wconf 87' lang='lat' dir='ltr'>rebus</span> <span class='ocrx_word' id='word_1_240' title='bbox 652 3374 684 3421; x_wconf 89' lang='lat' dir='ltr'>et</span> <span class='ocrx_word' id='word_1_241' title='bbox 703 3359 816 3421; x_wconf 88' lang='lat' dir='ltr'>verbis.</span> <span class='ocrx_word' id='word_1_242' title='bbox 857 3360 896 3422; x_wconf 86' lang='lat' dir='ltr'>cf.</span> <span class='ocrx_word' id='word_1_243' title='bbox 907 3359 1000 3422; x_wconf 85' lang='lat' dir='ltr'>ovid.</span> <span class='ocrx_word' id='word_1_244' title='bbox 1018 3375 1072 3423; x_wconf 79' lang='lat' dir='ltr'>an.</span> <span class='ocrx_word' id='word_1_245' title='bbox 1087 3362 1114 3439; x_wconf 85' lang='lat'>3,</span> <span class='ocrx_word' id='word_1_246' title='bbox 1135 3363 1199 3442; x_wconf 88' lang='lat'>687</span> <span class='ocrx_word' id='word_1_247' title='bbox 1214 3385 1250 3442; x_wconf 91' lang='lat' dir='ltr'>sq.</span> 
     </span>
     <span class='ocr_line' id='line_1_33' title="bbox 269 3451 1252 3538; baseline 0.004 -25"><span class='ocrx_word' id='word_1_248' title='bbox 269 3451 401 3514; x_wconf 87' lang='lat' dir='ltr'>fabellae</span> <span class='ocrx_word' id='word_1_249' title='bbox 431 3468 603 3533; x_wconf 81' lang='lat' dir='ltr'>tanguntur</span> <span class='ocrx_word' id='word_1_250' title='bbox 638 3468 761 3532; x_wconf 88' lang='lat' dir='ltr'>praeter</span> <span class='ocrx_word' id='word_1_251' title='bbox 790 3473 925 3535; x_wconf 89' lang='lat' dir='ltr'>quercus</span> <span class='ocrx_word' id='word_1_252' title='bbox 956 3455 1083 3518; x_wconf 88' lang='lat' dir='ltr'>oracula</span> <span class='ocrx_word' id='word_1_253' title='bbox 1114 3457 1200 3538; x_wconf 78' lang='lat'>(134)</span> <span class='ocrx_word' id='word_1_254' title='bbox 1232 3473 1252 3519; x_wconf 83' lang='lat' dir='ltr'>a</span> 
     </span>
     <span class='ocr_line' id='line_1_34' title="bbox 269 3546 1251 3633; baseline 0.01 -26"><span class='ocrx_word' id='word_1_255' title='bbox 269 3546 381 3627; x_wconf 91' lang='lat' dir='ltr'>pinum</span> <span class='ocrx_word' id='word_1_256' title='bbox 410 3551 668 3628; x_wconf 86' lang='lat' dir='ltr'>Argonautarum</span> <span class='ocrx_word' id='word_1_257' title='bbox 699 3549 786 3628; x_wconf 70' lang='lat'>(137)</span> <span class='ocrx_word' id='word_1_258' title='bbox 820 3549 877 3612; x_wconf 95' lang='lat' dir='ltr'>loti</span> <span class='ocrx_word' id='word_1_259' title='bbox 907 3550 994 3629; x_wconf 84' lang='lat'><strong>(¹²4)</strong></span> <span class='ocrx_word' id='word_1_260' title='bbox 1029 3551 1145 3632; x_wconf 90' lang='lat' dir='ltr'>populi</span> <span class='ocrx_word' id='word_1_261' title='bbox 1182 3555 1251 3633; x_wconf 69' lang='lat'>(1271</span> 
     </span>
     <span class='ocr_line' id='line_1_35' title="bbox 269 3641 1251 3724; baseline 0.006 -22"><span class='ocrx_word' id='word_1_262' title='bbox 269 3641 428 3721; x_wconf 83' lang='lat' dir='ltr'>amygdali</span> <span class='ocrx_word' id='word_1_263' title='bbox 448 3641 527 3718; x_wconf 81' lang='lat'>(131)</span> <span class='ocrx_word' id='word_1_264' title='bbox 548 3643 643 3724; x_wconf 91' lang='lat' dir='ltr'>myrti</span> <span class='ocrx_word' id='word_1_265' title='bbox 664 3644 753 3723; x_wconf 81' lang='lat'>(145),</span> <span class='ocrx_word' id='word_1_266' title='bbox 778 3665 890 3707; x_wconf 89' lang='lat' dir='ltr'>omnes</span> <span class='ocrx_word' id='word_1_267' title='bbox 909 3644 1088 3707; x_wconf 90' lang='lat' dir='ltr'>secundum</span> <span class='ocrx_word' id='word_1_268' title='bbox 1109 3653 1251 3713; x_wconf 87' lang='lat' dir='ltr'>novellos</span> 
     </span>
    </p>
   </div>
   <div class='ocr_carea' id='block_1_3' title="bbox 0 0 1281 4200">
    <p class='ocr_par' dir='ltr' id='par_1_5' title="bbox 0 0 1281 4200">
     <span class='ocr_line' id='line_1_36' title="bbox 0 0 1281 4200; baseline 0 0"><span class='ocrx_word' id='word_1_269' title='bbox 0 0 1281 4200; x_wconf 95' lang='lat' dir='ltr'> </span> 
     </span>
    </p>
   </div>
  </div>
 </body>
</html>
