2536 4200
233 304 269 348 22
588 279 848 328 corruanrnmvs

232 465 263 528 in
286 465 348 527 hoc
368 461 506 525 carmine
532 462 732 525 emendando
753 462 904 524 Italorum
926 477 1069 524 veterum
1089 461 1210 524 licentia

232 580 307 624 usus
321 575 375 622 est.
407 577 466 638 ego
481 576 555 620 cum
569 557 716 620 codicum
729 557 897 620 lectionem
911 559 1045 638 probam
1059 572 1098 635 et,
1112 577 1210 638 quan-

232 672 301 719 turn
321 653 388 717 fieri
414 668 516 734 potest
540 652 573 714 in
597 669 644 715 tot
667 651 870 715 librariorum
891 671 987 734 opera
1008 666 1038 712 et
1058 653 1212 732 opusculo

233 771 299 813 non
319 770 337 811 a
356 747 567 830 grammaticis
587 747 744 810 veteribus
764 747 797 808 in
817 745 944 809 scholae
966 765 1060 807 usum
1073 761 1211 823 tractato,

233 846 387 926 integram
413 862 479 905 esse
500 841 716 920 intellexerim,
742 841 889 904 carminis
913 840 1100 903 memoriam
1119 841 1214 904 inter·

233 939 406 1024 pretatione
417 938 641 1000 restituendam
652 953 682 999 et
691 935 913 999 vindicandam
922 935 1215 1017 suscipiam,emen-

234 1033 371 1096 dandam
391 1051 427 1093 ea
447 1034 567 1096 ratione
588 1051 684 1114 quam
705 1031 835 1095 carmini
855 1051 921 1094 non
939 1047 1061 1113 praeter
1082 1031 1215 1094 modurn

234 1143 383 1209 corrupto
398 1128 546 1190 adhibere
567 1147 624 1208 par
644 1142 697 1188 est.
737 1127 896 1208 proferam
916 1141 1023 1189 autent
1039 1145 1105 1188 non
1119 1145 1217 1206 quae-

235 1242 371 1304 cumque
392 1222 431 1284 de
458 1225 552 1285 rebus
574 1220 717 1284 verbisve
743 1220 888 1283 carminis
911 1220 973 1283 dici
996 1237 1137 1303 possunt,
1160 1223 1218 1283 sed

235 1336 316 1398 quae
339 1316 379 1378 ad
400 1315 688 1398 interpretationem
706 1314 877 1396 pertinent;
902 1335 976 1378 narn
992 1319 1077 1400 μέγα
1091 1317 1219 1398 βιβλίον

234 1412 335 1474 lacere
355 1431 422 1473 non
443 1427 488 1473 est
507 1410 540 1472 in
560 1410 678 1473 animo.
835 1485 837 1490 ,

312 1506 463 1569 Virorum
484 1506 652 1568 doctomm
666 1503 910 1567 commentarios
931 1521 961 1568 et
980 1504 1222 1568 emendationes

236 1601 351 1682 quibus
370 1601 448 1664 locis
462 1621 537 1663 usus
555 1600 613 1663 erit
628 1601 897 1678 commemorabo,
918 1599 974 1662 sed
987 1619 1051 1663 non
1065 1603 1222 1681 pugnabo

236 1714 309 1759 cum
339 1695 522 1758 libellorum
554 1695 757 1776 quorundam
791 1694 991 1756 novellorum
1024 1694 1220 1774 auctoribus,

236 1809 375 1872 quorum
396 1810 492 1872 opera
512 1789 558 1852 uti
577 1789 604 1851 si
618 1789 738 1871 possim
751 1788 856 1852 velim.
896 1802 995 1850 artem
1016 1804 1046 1850 et
1063 1789 1222 1852 elocutio-

237 1905 311 1948 nem
331 1901 443 1967 poetae
469 1885 635 1966 diligenter
657 1882 798 1947 tractavit
823 1898 853 1944 et
874 1902 948 1945 cum
968 1882 1108 1964 Vergilio
1129 1903 1223 1945 com-

238 1980 356 2062 paravit
367 1980 636 2043 FridericusBaur
646 1980 679 2041 in
689 1977 883 2041 Fleckeiseni
894 1976 997 2038 annali
1008 1978 1044 2057 93
1057 1978 1151 2058 p.357
1161 1997 1225 2058 sq.;

239 2075 278 2138 de
304 2075 515 2157 synaloephae
540 2095 653 2137 norma
673 2089 796 2156 praeter
820 2077 940 2135 ceteros
960 2072 1023 2154 egit
1042 2071 1163 2134 Birtius
1186 2074 1226 2134 de

238 2170 376 2234 Halieut.
397 2189 427 2251 p.
446 2190 486 2249 49
510 2189 555 2250 sq·
606 2168 791 2231 Buecheleri
815 2167 1033 2231 adnotationes
1057 2167 1090 2230 in
1117 2167 1227 2230 musei

240 2265 387 2328 Rhenani
399 2263 501 2343 vol.45
516 2284 546 2345 p.
554 2265 612 2343 324
620 2284 665 2345 sq.
682 2282 756 2326 cum
769 2262 946 2340 ederentur,
961 2261 1000 2324 de
1014 2260 1119 2342 priore
1134 2275 1227 2342 parte

241 2359 396 2437 carminis,
417 2358 457 2420 ad
470 2377 568 2439 quam
581 2358 746 2438 pertinent,
769 2358 833 2420 iam
847 2357 1041 2438 perfeceram
1055 2375 1229 2419 commen-

241 2453 369 2532 tarium3
395 2472 471 2534 ergo
495 2453 555 2515 alia
579 2452 692 2533 reliqui
718 2467 752 2513 ut
777 2452 961 2533 scripseram
984 2466 1014 2513 et
1034 2451 1230 2513 Buecheleri

241 2567 403 2610 assensum
416 2547 573 2624 adnotavi,
596 2545 656 2608 alia
677 2565 757 2626 quae
772 2565 838 2608 non
858 2562 941 2608 recte
954 2547 1005 2607 vel
1025 2545 1232 2608 confidenter

242 2643 336 2706 nimis
356 2661 407 2704 me
428 2641 600 2723 disputasse
620 2640 771 2716 viderem,
791 2660 830 2702 ex
856 2639 939 2702 illius
958 2639 1113 2702 sententia
1136 2660 1232 2703 com-

243 2738 370 2800 mutavi.
411 2736 473 2798 Sed
498 2735 561 2797 iam
587 2736 692 2817 ipsum
714 2729 843 2796 ¹carmen
868 2750 903 2797 ut
930 2736 1106 2817 poterimus
1129 2736 1233 2799 inter-

243 2829 445 2913 pretabimur.

218 3040 231 3084 1
322 3019 471 3084 Octavius
491 3018 581 3082 cuius
601 3018 725 3082 nomini
743 3037 869 3081 carmen
883 3017 1064 3081 dedicatum
1077 3018 1236 3098 legimus,

244 3118 270 3180 si
299 3137 333 3180 re
362 3135 435 3177 vera
464 3131 544 3195 puer
573 3113 632 3176 luit
661 3133 699 3176 eo
731 3113 796 3176 iere
825 3129 968 3195 tempore
999 3132 1065 3194 quo
1096 3133 1236 3177 carmen

245 3213 396 3293 scriptum
417 3208 483 3272 esse
503 3209 714 3272 intelleximus
738 3207 820 3270 virili
845 3224 920 3289 toga
946 3207 1080 3271 donatus
1102 3207 1238 3272 donan-

247 3307 353 3383 dusve,
374 3305 444 3387 quis
458 3305 550 3367 fuerit
563 3304 755 3385 ignoramus.
796 3318 878 3367 certe
892 3302 1042 3366 Octavius
1056 3302 1240 3368 historicus

246 3402 296 3464 vel
323 3401 430 3482 epicus
456 3401 552 3478 (catal
571 3400 624 3478 11),
649 3398 797 3462 Octavius
822 3397 935 3461 Horati
956 3400 1020 3476 (sat.
1044 3417 1068 3470 1,
1101 3417 1151 3476 ro,
1181 3401 1240 3477 82),

247 3495 396 3559 Octavius
421 3495 512 3557 Musa
541 3494 641 3573 (Serv.
669 3494 821 3574 bucol.9,
847 3495 880 3572 7)
910 3512 977 3555 non
1008 3491 1132 3555 maiore
1171 3495 1241 3556 iure

247 3607 344 3672 quam
374 3588 413 3650 ad
444 3608 546 3651 unum
575 3587 761 3668 rediguntur
791 3607 865 3650 cum
893 3588 949 3650 illo
980 3606 1241 3668 componuntur.
