2536 4200
245 357 280 416 36
600 351 859 399 conneummvs

241 534 292 598 sal
312 543 500 616 penetrarat
526 534 558 596 in
587 552 686 594 arces.
737 531 869 593 Ovidius
888 531 963 592 trist.
987 533 1012 608 5,
1039 533 1065 607 3,
1095 552 1128 610 19
1157 529 1219 610 ipse

241 650 360 711 petoque
388 627 546 690 aetherias
574 625 695 688 mades
720 626 854 689 invectis
882 645 916 688 es
943 645 1043 698 arces,
1072 646 1133 706 quo
1160 645 1220 686 non

242 725 358 806 exigua
365 723 459 802 facta
479 721 586 784 labore
599 720 687 783 vt'eist
729 720 1072 801 plusquamperfectum
1086 720 1221 782 ostendit

243 820 326 882 viam
346 819 409 880 iam
430 818 543 878 factam
570 834 650 890 esse;
679 816 734 877 sed
758 815 900 895 sequitur
923 813 1067 877 tenebras
1089 815 1221 876 Aurora

233 916 390 995 fugarat·
410 931 486 991 ergo
501 910 567 991 ipsa
580 926 652 973 sunt
666 909 734 971 viae
748 909 830 971 Solis
844 910 939 986 initia,
961 925 995 971 ut
1008 915 1087 971 Aen
1107 929 1148 982 ro,
1164 911 1221 970 256

242 1009 360 1071 interea
381 1006 522 1069 revalata
541 1004 655 1067 iniebat
670 1013 799 1067 manera
813 1003 878 1065 iam
892 1002 957 1066 lnce
970 1003 1036 1067 dies
1047 1013 1223 1085 necataque

235 1105 381 1184 flegarat
403 1102 452 1163 vel
477 1120 584 1181 georg.
607 1101 633 1176 3,
660 1100 716 1160 358
746 1097 881 1162 innectier
908 1099 995 1179 equis
1023 1098 1122 1161 altam
1140 1167 1142 1174 ,
1144 1101 1226 1180 petit

243 1197 381 1260 aethera.
422 1196 485 1258 iam
511 1197 634 1276 fugatae
660 1208 732 1254 sunt
757 1194 913 1270 tenebrae,
939 1193 1002 1254 iam
1022 1194 1078 1255 Sol
1101 1195 1224 1256 lumina

243 1293 341 1374 quatit
355 1295 394 1353 ab
409 1306 519 1353 aurato
534 1309 637 1352 curru.
663 1287 842 1368 recipienda
855 1287 951 1368 igitur
964 1288 1224 1351 Helmstadiensis

243 1403 307 1450 erat
328 1385 506 1448 emendatio
520 1382 714 1465 penetrabat.
755 1382 891 1444 formam
917 1382 1067 1444 orationis
1090 1385 1224 1446 illustret

243 1482 317 1544 Stat.
339 1482 419 1543 Ach.
445 1501 467 1556 r,
488 1480 546 1558 619
569 1476 739 1540 scandebat
761 1496 850 1540 rosea
875 1476 974 1540 eradii
983 1478 1124 1559 fastigia
1144 1479 1228 1540 caeli

242 1577 334 1640 Luna
360 1575 434 1657 ingo
453 1599 503 1634 -:
532 1571 695 1635 carnedere
720 1570 816 1634 citari.
867 1573 905 1634 cl.
927 1573 1029 1635 Theb.
1051 1593 1078 1651 2,
1101 1576 1156 1650 527
1177 1595 1224 1653 sq.

243 1673 447 1734 observamus
464 1667 515 1729 hic
535 1682 565 1729 et
585 1665 652 1727 aliis
672 1666 749 1728 locis
769 1666 817 1743 (cf.
844 1669 906 1744 106)
928 1669 1085 1730 curiosam
1109 1669 1141 1730 in
1169 1670 1226 1731 de-

243 1764 409 1846 pingendis
447 1761 607 1825 coloribus
642 1761 850 1842 diligentiam,
891 1763 1024 1843 qualiter
1054 1765 1226 1826 Parcarum

243 1861 386 1922 habitum
405 1857 548 1920 Catullus
568 1857 713 1918 describit
733 1858 780 1936 64,
803 1857 858 1917 308
872 1876 917 1936 sq.
939 1873 970 1918 et
990 1876 1064 1919 cum
1084 1859 1136 1920 alii
1155 1875 1225 1921 tum

203 1967 229 2009 44
243 1953 376 2016 Ovidius
403 1953 515 2029 multa;
546 1970 621 2031 ergo
651 1970 756 2013 roseos
786 1951 886 2012 crines
911 1956 1054 2014 Aurorae
1080 1955 1227 2015 tenebras

243 2046 363 2128 fuganti
383 2046 500 2120 tribuit,
544 2045 677 2107 Ovidius
704 2065 825 2108 croceas
848 2060 882 2106 ut
906 2065 1047 2108 croceum
1067 2047 1227 2117 ami'ctum,

243 2143 280 2205 cf.
307 2143 399 2203 Lucr.
422 2143 447 2218 5,
473 2142 530 2219 976
555 2139 630 2202 dum
654 2161 747 2203 rosea
760 2141 839 2220 face
867 2139 919 2203 sal
943 2140 1079 2220 inferret
1104 2140 1228 2204 lumina

242 2237 335 2314 caela,
352 2236 428 2297 ¹Tib.
445 2256 467 2310 1,
483 2236 509 2311 3,
524 2254 571 2314 94,
591 2235 668 2314 eleg.
684 2235 782 2298 Maec.
802 2257 825 2310 1,
845 2238 910 2310 125;
924 2235 1053 2316 proprio
1067 2239 1228 2298 vocabulo
1252 2233 1253 2249 ¹

204 2346 229 2389 tt
243 2329 351 2392 luriila
370 2329 513 2409 gramina
534 2329 638 2409 qualia
664 2330 696 2390 in
716 2330 847 2391 summis
869 2331 1026 2392 montium
1052 2330 1134 2410 iugis
1160 2333 1227 2392 sole
1251 2403 1252 2413 ¹

242 2424 359 2485 torrida
383 2424 621 2505 conspiciuntur
641 2425 777 2500 denotat,
798 2440 833 2486 ut
851 2440 964 2487 aestate
976 2424 1091 2487 virides
1103 2425 1229 2486 nemori

241 2517 373 2598 sanguis
397 2517 515 2580 decedat
534 2527 566 2579 et
586 2518 693 2581 berbis
713 2518 829 2595 (Manil.
853 2522 877 2595 5,
898 2522 973 2596 212),
1001 2541 1029 2579 v.
1053 2537 1105 2596 ¹44
1125 2518 1229 2580 viridi
1250 2545 1251 2575 t

237 2611 362 2693 pallere
386 2612 520 2674 hederae
546 2616 716 2694 corymbos
746 2613 891 2675 aureolos
917 2613 1050 2693 pingunt
1075 2613 1125 2690 (cf.
1147 2616 1226 2692 405).

242 2727 278 2769 ac
299 2707 428 2769 fortasse
452 2706 598 2768 viridans
611 2708 669 2784 (5ο)
691 2707 792 2768 noluit
812 2707 896 2769 idem
918 2707 1090 2788 essequod
1110 2708 1227 2779 viride;
1249 2697 1250 2739 ¹

242 2799 415 2863 viridantia
433 2802 587 2882 gramina
607 2802 639 2863 in
660 2802 760 2863 nimio
780 2818 867 2864 aestu
889 2803 963 2865 Stat.
984 2803 1086 2864 Theb.
1109 2805 1137 2880 5,
1163 2805 1227 2864 526.
1248 2819 1249 2901 p

203 2896 282 2958 nef.
304 2895 516 2957 Buechelerus
541 2915 573 2975 p.
593 2896 658 2956 326.
684 2931 721 2940 -
741 2896 862 2975 pabula
886 2895 970 2957 laeta
995 2899 1033 2974 (v.
1053 2899 1102 2975 45)
1132 2899 1227 2960 etiam

244 2990 401 3071 Vergilius
423 2989 509 3050 novit
530 2990 647 3070 (georg.
669 2991 695 3068 3,
719 2992 794 3070 385),
821 2991 876 3052 sed
896 2991 1054 3052 tritissima
1075 2990 1229 3053 Lucretio

244 3102 289 3147 est
308 3084 437 3146 locutio.
1245 3095 1247 3227 p

322 3179 356 3239 ln
382 3177 486 3257 lepida
513 3178 722 3259 descriptione
759 3182 948 3261 capellarum
984 3181 1069 3241 varia
1096 3180 1231 3243 diversis

244 3274 320 3335 locis
341 3273 457 3353 pabula
478 3274 696 3352 quaerentium
717 3275 765 3352 (ci.
781 3275 908 3337 Colum.
922 3295 951 3354 7,
965 3277 993 3353 6,
1013 3279 1036 3353 ι)
1057 3293 1231 3358 corruptus

244 3383 315 3448 post
335 3368 503 3440 Bembum,
529 3367 618 3428 cuius
644 3369 854 3449 corruptionis
879 3370 912 3431 in
934 3369 1088 3431 Vossiano
1116 3371 1231 3432 simili·

245 3464 367 3543 busque
398 3461 484 3523 libris
515 3461 640 3524 initium
671 3463 789 3526 factum
817 3465 969 3538 videmus,
1000 3479 1030 3525 et
1060 3484 1234 3544 perversus

205 3573 230 3615 51
244 3557 359 3636 legitur
379 3578 406 3618 v.
424 3560 454 3618 51
478 3567 610 3637 scrupea
630 3558 769 3621 desertas
788 3559 962 3622 laerebant
973 3557 1020 3620 ad
1029 3577 1110 3620 cava
1125 3573 1234 3642 rupes.

245 3652 362 3715 scilicet
381 3652 459 3714 aliae
481 3653 513 3713 in
533 3653 617 3714 silvis
632 3653 736 3714 dumis
751 3654 891 3728 vallibus,
920 3653 996 3714 aliae
1018 3652 1114 3714 etiam
1139 3656 1243 3734 latius,
