2536 4200
375 343 383 360 ⁰
463 324 568 372 evtsx

41 510 78 571 ad
99 509 215 594 Stygias
235 524 398 571 revocatus
418 528 514 590 aquas
534 507 585 568 vix
606 508 736 570 ultimus
756 509 841 570 amni
1008 529 1050 574 rto

42 621 118 668 extat
135 621 291 668 nectareas
311 605 419 665 divum
441 603 496 686 qui
516 603 656 686 prodidit
676 623 771 677 escas,

41 700 166 780 gutturis
186 699 284 762 arenti
306 702 468 762 revolutus
488 699 521 762 in
543 699 650 761 omnia
669 717 773 761 sensu.

41 795 112 876 quid
129 814 238 856 saxum
258 795 371 875 procul
391 794 522 856 adverso
544 793 599 875 qui
619 809 728 856 monte
747 791 887 869 revolvit,

39 889 255 970 contempsisse
275 889 369 951 dolor
388 907 485 969 quem
505 888 637 950 numina
656 888 753 950 vincit
772 889 920 949 acerbus?

38 983 98 1044 otia
117 998 318 1064 quaerentem
339 983 452 1045 frustra
472 983 573 1061 sinite,
594 982 634 1046 ite
656 985 789 1065 puellae,
1009 999 1051 1046 245

35 1078 85 1149 ite,
105 1078 216 1159 quibus
236 1079 343 1140 taedas
362 1078 505 1140 accendit
524 1078 619 1140 tristis
640 1077 768 1158 Erinys:

34 1174 112 1235 sIcut
129 1173 257 1255 Hymen
277 1173 414 1253 praefata
435 1172 520 1235 dedit
540 1173 677 1236 conubia
698 1170 819 1234 Mortis.

22 1285 125 1354 ¹atque
145 1268 220 1330 alias
240 1267 302 1330 alio
324 1268 435 1332 densas
455 1287 551 1349 super
570 1269 696 1348 agmine
716 1282 835 1330 turmas
848 1292 862 1319 ι

32 1363 196 1444 impietate·
209 1363 274 1424 fera
293 1363 481 1425 vaecordem
501 1363 658 1426 Colchida
677 1377 819 1441 matrem,

30 1457 123 1519 anxia
141 1456 280 1519 sollicitis
300 1458 504 1520 meditantem
524 1460 655 1520 vulnera
675 1458 769 1535 natis;

29 1553 94 1615 iam
115 1552 303 1616 Pandionias
324 1552 516 1616 miserandas
537 1553 626 1634 prole
647 1554 777 1634 puellas,

29 1667 166 1728 quarum
186 1667 249 1709 vox
270 1647 340 1728 Ityn
360 1647 424 1710 edit
443 1648 523 1730 Ityn,
544 1667 610 1729 quo
631 1648 791 1710 Bistonius
811 1667 865 1710 rex

28 1746 138 1821 orbus,
158 1762 266 1824 epops,
287 1760 413 1822 maeret,
434 1744 579 1805 volucres
599 1758 725 1805 evectus
745 1743 779 1804 in
801 1761 901 1805 auras.

25 1855 59 1900 at
83 1838 295 1900 discordantes
315 1838 460 1900 Cadmeo
480 1838 602 1899 semine
623 1838 731 1899 fratres

24 1935 94 1996 iam
114 1933 292 1995 truculenta
312 1933 417 1994 ferunt
437 1932 612 2012 infestaque
632 1931 753 1994 lumina
774 1950 888 2012 corpus

23 2030 108 2090 alter
127 2027 161 2088 in
181 2027 317 2096 alterius,
337 2026 464 2108 iamque
486 2041 643 2090 aversatus
663 2043 806 2108 uterque,
846 2051 847 2055 ¹

21 2122 128 2203 impia
148 2121 291 2202 germani
311 2136 419 2184 manat
439 2123 528 2203 quod
547 2122 701 2204 sanguine
721 2123 836 2184 dextra.

21 2219 113 2280 eheu
134 2217 305 2279 mutandus
325 2236 502 2298 numquam
522 2220 612 2280 labor
632 2253 669 2263 —
689 2218 817 2282 auferor
836 2219 916 2280 ultra

20 2313 59 2376 in
83 2311 207 2372 diversa
227 2311 341 2393 magis:
362 2313 507 2375 distantia
526 2313 658 2374 numina
678 2333 783 2392 cerno,

20 2405 172 2488 Elysiam
191 2408 362 2469 tranandus
382 2429 460 2490 agor
480 2411 601 2472 delatus
621 2409 661 2471 ad
682 2410 810 2472 undam.

20 2500 126 2564 obvia
147 2502 350 2583 Persephone
371 2505 502 2566 comites
522 2504 668 2566 heroidas
688 2520 803 2586 urguet

20 2597 177 2658 adversas
198 2596 353 2677 praeferre
374 2598 469 2675 faces;
490 2598 623 2659 Alcestis
643 2600 682 2660 ab
703 2598 792 2661 omni

20 2684 182 2754 inviolata
200 2708 289 2753 vacat
309 2711 393 2768 cura,
414 2693 502 2774 quod
522 2713 613 2756 saeva
634 2692 736 2754 mariti

20 2787 55 2849 in
82 2787 314 2849 Chalcodoniis
334 2788 463 2850 Admeti
480 2804 579 2855 ’ecura
599 2805 719 2850 morata
739 2803 793 2850 est.

20 2902 103 2946 ecce
125 2881 224 2944 Ithaci
245 2882 383 2944 coniunx
403 2903 529 2963 semper
548 2884 644 2945 decus
668 2883 815 2954 Icariotis
1011 2891 1053 2936 26⁵

20 2977 208 3040 femineum
229 2993 398 3056 conspecta
418 2978 524 3055 decus,
544 2994 650 3040 manet
671 2993 701 3040 et
721 2979 834 3058 procul
853 2977 905 3039 illa

20 3045 124 3137 turba
146 3071 265 3134 ferox
256 3091 419 3148 iuvenum,
439 3072 508 3134 telis
530 3073 662 3148 confixa,
685 3091 866 3152 procorum.

20 3168 109 3266 quid
131 3167 246 3228 misera
267 3166 425 3247 Eurydice
445 3181 532 3228 tanto
556 3186 698 3228 maerore
718 3165 843 3228 recessit
925 3233 928 3238 ,

20 3281 202 3343 poenaque
223 3275 382 3342 respectus
407 3275 438 3322 et
457 3280 543 3322 nunc
563 3277 678 3337 manet,
704 3260 896 3341 Orpheus,
887 3281 919 3322 rn
940 3265 986 3322 te?

20 3357 136 3420 tudax
158 3355 211 3416 ille
232 3356 371 3435 quidem,
393 3356 449 3436 qui
469 3354 576 3417 mitem
598 3356 763 3418 Cerberon
784 3374 937 3436 umquam
1013 3368 1054 3413 ato

20 3473 240 3486 ....--—-—-

75 3540 119 3580 24¹
137 3535 210 3573 restat
245 3528 333 3586 243qui
375 3516 458 3574 avemo
493 3539 532 3582 ²44
545 3527 641 3573 acerbas
668 3528 791 3584 ussiblite
817 3528 988 3586 rqntucordam

20 3596 154 3645 :onchida
186 3599 225 3652 252
239 3610 284 3643 vox
297 3597 314 3643 it
331 3597 355 3642 in
370 3597 399 3642 ed
413 3607 468 3654 ytyn
482 3597 547 3656 quod
587 3610 625 3652 254
639 3597 669 3642 ad
709 3606 802 3643 eatmeo
835 3597 873 3643 262
886 3598 989 3657 perferre

21 3669 57 3722 64
70 3665 244 3711 chalcedoniis
267 3666 304 3721 265
314 3665 412 3710 lharotIs
434 3664 473 3709 266
482 3673 597 3722 concepta
624 3665 687 3710 illurn
707 3667 850 3720 ayocerbern
860 3677 989 3724 numquam
