2370 4072
458 233 503 278 AD
519 232 545 279 V.
559 243 664 288 205-215
1015 249 1048 309 7¹

75 415 241 494 animaque
265 412 413 494 amplexa
425 413 566 493 fovebat,
588 415 614 488 5,
635 433 654 491 9
679 410 802 473 viscera
824 420 933 473 nostra
951 420 1055 475 tenens

75 510 273 589 animamque
295 507 441 571 avelliner
463 508 571 586 infans
591 520 621 567 et
643 505 709 567 sine
730 505 834 566 anima
856 507 882 580 3,
903 509 928 585 5,
950 508 987 569 30
1007 513 1053 580 (tu

75 610 134 678 me)
153 601 326 665 visceribus
344 601 504 682 cataplexa
524 600 592 662 tuis.
633 601 688 662 sed
709 601 824 662 Statius
844 601 988 663 Culicem
1008 603 1054 663 le-

75 714 169 780 gerat.
206 697 294 759 cuius
314 712 407 777 poeta
427 695 556 758 forsitan
576 695 694 757 viscera
714 715 772 775 pro
793 695 897 758 anima
912 696 1053 776 posuerit

75 812 160 855 secus
175 791 338 855 intellectis
352 790 477 853 Lucreti
491 790 568 852 locis
583 790 691 870 quales
705 806 778 853 sunt
792 810 818 865 2,
833 791 889 870 963
904 791 1056 854 matermi

75 897 206 969 corpora
230 887 266 950 vi
287 886 426 968 quadam
443 896 506 966 per
528 885 651 948 viscera
674 885 761 963 vaira,
782 895 843 965 per
861 894 952 947 artus
970 885 1052 948 solli·

75 981 166 1044 erlem
193 982 268 1061 (quo
293 983 366 1044 loco
392 1001 468 1042 usus
493 996 539 1042 est
559 981 599 1042 ad
619 1002 647 1041 v.
670 981 750 1060 224),
778 981 808 1058 3,
835 980 892 1041 216
912 980 1054 1042 antinum

75 1076 236 1155 eerparvzs
264 1096 330 1139 esse
354 1084 503 1138 necessest
522 1074 703 1148 semeitibus,
733 1094 850 1137 nexam
871 1086 935 1156 per
957 1095 1054 1138 venas

75 1171 194 1233 vescera
216 1191 342 1244 nervos,
368 1171 424 1232 336
447 1189 592 1233 accensus
611 1169 699 1232 nobes
711 1179 774 1250 per
793 1170 916 1233 erescere
935 1190 1052 1243 sensus,

75 1265 109 1327 cf.
131 1266 196 1328 300.
221 1266 284 1345 375.
319 1265 374 1328 sed
395 1265 456 1327 hoc
477 1280 522 1327 est
535 1265 699 1327 stultitiam
713 1264 758 1325 illi
772 1264 936 1345 imputare.
970 1279 1052 1326 certe

75 1352 165 1421 iocari
196 1361 322 1422 volebat
352 1360 384 1421 in
410 1360 518 1422 culicis
543 1360 731 1434 visceribus,
762 1360 852 1422 cuius
877 1359 1054 1423 intestinum

75 1453 200 1533 quodvis
219 1454 311 1535 quale
329 1474 395 1517 esse
406 1454 632 1534 mnndumste
652 1456 755 1534 (Lucr.
776 1475 805 1534 4,
831 1455 903 1533 118.)

150 1550 206 1611 Ille
227 1549 322 1630 igitur
341 1549 482 1630 queritur
502 1548 590 1629 quod
611 1567 742 1630 cogatur
765 1570 783 1611 a
806 1549 953 1611 Manibus
974 1548 1052 1611 inire

78 1641 217 1722 Tartara3
232 1660 341 1706 contra
353 1645 529 1706 Patroclus:
543 1645 616 1728 τῆλε
627 1645 805 1728 μ’ἐέργουσι
817 1646 922 1728 ψυχαὶ
933 1643 1053 1708 εἴδωλα

79 1741 256 1822 καμόντων,
274 1737 352 1803 οὐδε
367 1744 409 1822 μέ
419 1763 472 1803 πω
490 1744 668 1823 μίσγεσθαι
679 1741 761 1827 ὑπὲρ
774 1749 937 1821 ποταμοῖο
949 1738 1052 1803 ἐῶσιν.

80 1835 157 1897 unde
178 1833 312 1915 gravior,
337 1833 362 1894 si
386 1849 490 1896 totum
515 1833 661 1895 carminis
687 1849 909 1914 argumentum
933 1848 1053 1912 specta-

81 1945 157 2002 mus,
200 1927 341 2009 quaestio
382 1928 569 2008 iampridem
609 1943 709 2007 mota,
754 1947 849 2010 quam
890 1927 1053 1991 illustravit

81 2021 188 2085 Bittius
210 2024 248 2085 de
269 2024 364 2086 Ovidi
384 2023 511 2086 halieut.
534 2026 566 2085 51
591 2044 646 2104 sq,
673 2023 736 2084 hoc
760 2022 832 2084 loco
859 2043 891 2084 se
917 2023 1053 2085 inculcat

80 2115 251 2181 lectoribus.
292 2119 382 2180 culex
408 2133 536 2180 necatus
562 2134 592 2180 et
616 2138 691 2179 sane
716 2118 897 2179 inhumatus
928 2117 1052 2179 relictus

81 2227 118 2274 est
137 2233 155 2274 a
174 2228 315 2294 pastore3
342 2230 470 2293 apparet
497 2212 676 2291 dormienti,
701 2213 726 2274 si
752 2215 835 2275 ullus
859 2228 923 2274 erat
944 2212 1053 2274 inven-

80 2307 165 2369 tionis
186 2309 284 2388 lepos,
305 2323 340 2368 ut
361 2308 440 2370 iusta
460 2308 520 2369 sibi
534 2323 662 2369 mortuo
677 2308 793 2389 flagitet
814 2323 844 2370 et
858 2308 1052 2388 sepulcrum:

81 2403 198 2463 nullum
220 2402 259 2463 de
277 2403 422 2482 sepulcro
440 2404 573 2464 verbum
595 2402 676 2480 facit,
697 2402 755 2462 nisi
771 2422 809 2464 eo
824 2403 938 2465 referas
952 2424 980 2464 v.
996 2405 1048 2464 231

80 2496 189 2558 existat
198 2506 267 2576 par
286 2496 424 2577 officium
445 2497 513 2576 (414
525 2497 657 2576 funeris
679 2496 842 2577 offiemm);
869 2499 923 2560 sed
948 2514 1054 2579 pastor

80 2609 110 2651 ex
127 2610 244 2653 somno
264 2592 429 2653 confestim
443 2592 482 2653 ad
497 2592 658 2653 tumulum
672 2592 927 2654 concinnandum
943 2593 1052 2674 pergit.

79 2704 181 2749 contra
202 2686 376 2748 inferorum
392 2687 558 2768 ¹copiosam
573 2686 816 2767 descriptionem
831 2689 945 2750 occinit
959 2689 1054 2750 inter-

79 2780 182 2844 fectori
204 2800 278 2842 cum
298 2783 473 2844 secundum
495 2783 675 2844 Homerum
700 2798 730 2842 et
754 2782 903 2843 Aeneidis
925 2800 1053 2845 sextum

77 2873 244 2937 inhumatis
265 2877 439 2939 inferorum
459 2878 548 2939 sedes
572 2897 639 2938 non
664 2892 789 2957 pateant
810 2892 840 2938 et
865 2877 927 2938 hoc
948 2876 1052 2956 ipsum

77 2971 109 3031 sit
127 2991 185 3033 cur
199 2971 330 3052 flagitari
349 2973 447 3034 'soleat
461 2972 617 3033 officium:
639 2971 741 3045 εὕδεις
763 2970 864 3055 αὐτὰρ
887 2971 972 3054 ἐμεῖο
995 2972 1051 3036 λε-

77 3065 229 3150 λασμένος
251 3068 359 3132 ἔπλευ.
402 3068 571 3129 voluerunt
597 3064 686 3146 quasi
705 3065 883 3146 praecipere
909 3066 1051 3128 oratione

77 3162 207 3223 culicem
233 3181 313 3242 quae
338 3162 511 3224 necessario
539 3161 662 3221 visurus
687 3174 775 3231 esset,
801 3174 831 3220 at
851 3159 1052 3239 apertissimis

77 3257 174 3318 verbis
205 3256 346 3319 visorum
376 3257 488 3318 seriem
520 3269 650 3331 enarrat,
681 3269 841 3333 tamquam
872 3253 984 3334 aliquis
1009 3254 1053 3315 Er

76 3350 251 3413 Armenius.
303 3372 382 3432 quae
414 3352 494 3412 duae
521 3369 570 3411 res
596 3364 783 3428 argumento
815 3348 988 3410 contrariae
1019 3348 1052 3409 in

77 3463 173 3507 unum
205 3447 335 3507 collatae
367 3445 489 3508 efficere
520 3445 675 3521 videntur,
706 3445 744 3504 ab
776 3443 844 3524 ipso
875 3443 1053 3524 argumenti

78 3539 236 3602 inventore
257 3540 299 3601 ita
318 3560 386 3601 rem
406 3540 579 3603 institutam
600 3538 703 3616 fuisse,
725 3555 759 3601 ut
780 3540 869 3601 culex
891 3559 908 3600 a
929 3555 1052 3618 pastore
