2370 4072
463 163 508 208 AD
525 164 550 208 V.
566 163 668 222 216-219
690 190 692 194 ·
1017 165 1053 243 73

75 349 106 407 in
132 344 254 406 deliciis
279 360 372 425 poeta
398 345 491 406 habet
518 344 631 424 figura:
662 344 782 424 infistis
812 343 903 407 obnuit
927 343 1055 425 templis,

75 440 168 503 obora
204 439 234 501 T
230 439 380 519 triphone,-
409 439 480 501 vide
506 441 559 502 231
584 439 683 519 seror
706 437 781 502 aura
806 447 950 520 carpens,
980 438 1056 502 avia

75 533 268 601 Cimmerios
292 533 374 597 inter
398 534 545 598 distantia
575 533 666 606 lucos,
697 549 727 595 et
751 533 828 595 item
851 555 879 595 v.
906 553 966 613 1²4
993 535 1054 596 132.

76 631 143 708 134.
166 631 232 705 275.
254 630 320 708 359,
346 629 384 690 cf.
410 628 505 693 etiam
528 631 594 709 245.
617 630 681 691 311.
704 630 768 707 337.
819 644 912 707 atque
943 648 1057 709 epana-

75 725 200 804 lepseos
222 723 271 801 (de
292 743 354 804 qua
375 740 405 785 et
425 724 477 786 alii
497 739 528 785 et
548 724 588 785 ad
608 723 842 786 Callimachum
867 724 966 786 locuti
985 739 1057 786 sunt

75 817 255 880 Meinekius
276 819 316 899 (p.
331 820 398 897 254)
430 833 460 879 et
485 817 696 880 Schneiderus
723 820 747 897 (ι
771 838 801 899 p.
818 819 883 896 338)
914 820 1057 899 exempla

75 912 162 993 apud
183 913 347 974 Catullum
367 913 424 990 (64,
439 912 485 972 26.
497 913 544 974 61.
560 914 621 975 132.
634 916 700 993 259.
712 914 778 975 285.
791 915 861 990 3213
882 913 928 991 66,
950 914 997 980 75.
1009 914 1056 992 82)

74 1027 143 1069 non
157 1007 262 1067 minus
277 1027 373 1087 quam
387 1006 471 1087 apud
491 1007 595 1088 ipsum
610 1008 793 1070 Lucretium
806 1007 925 1084 invenit
938 1009 976 1086 (2,
995 1011 1056 1088 159.

75 1104 147 1180 9553
164 1103 190 1179 3,
210 1121 256 1178 123
276 1104 387 1181 47893
403 1104 429 1177 5,
441 1102 506 1180 298.
521 1103 647 1182 pboal).
678 1102 798 1164 accedit
811 1118 845 1163 ut
855 1101 976 1181 infisus
986 1112 1057 1165 tarn

75 1195 136 1275 plis
161 1198 200 1257 ab
226 1196 296 1273 illis,
326 1195 438 1259 lirniua
463 1195 617 1270 collucent,
647 1197 877 1260 secernendum
906 1196 1057 1275 videatur,

75 1311 151 1352 nam
164 1291 245 1353 sicut
260 1291 298 1352 de
313 1291 382 1372 ipso
396 1291 572 1354 inferorum
585 1292 694 1354 limine
709 1284 819 1372 agitur,
841 1312 929 1354 casus
949 1293 1058 1355 localis

76 1387 186 1449 locum
211 1406 277 1448 non
302 1387 405 1449 habet.
450 1386 538 1466 quod
558 1386 758 1467 Tisiphonen
782 1387 978 1468 serpentibus
999 1408 1058 1449 un·
1071 1403 1111 1450 ns

76 1480 173 1561 dique
205 1490 356 1561 comptam
385 1496 480 1561 poeta
508 1482 592 1559 dicit,
626 1503 692 1546 non
722 1481 866 1554 amcam,
897 1502 962 1545 non
992 1482 1059 1544 sine

79 1576 199 1637 ratione
225 1576 311 1653 fecit;
343 1577 459 1639 etenim
485 1577 546 1639 hoc
573 1597 673 1639 unum
698 1577 891 1640 vocabulum
921 1577 1058 1639 crinibus

78 1669 232 1751 implexos
259 1691 377 1752 angues
400 1672 532 1734 indicat:
573 1672 717 1734 Catullus
747 1671 887 1752 anguino
912 1669 1059 1734 redimita

82 1765 188 1846 capillo
198 1767 307 1845 frons,
330 1767 485 1855 Vergilius
506 1765 723 1847 caeruleosque
743 1765 898 1847 irnplerrae
921 1765 1059 1833 crinibus

83 1879 198 1942 angues
211 1860 407 1941 Eumenides,
429 1860 578 1924 Horatius
592 1859 701 1923 intorti
716 1859 837 1941 capillis
850 1858 1059 1923 &mennam
1119 1878 1124 1894 ·

85 1973 206 2036 angues,
238 1955 371 2019 Ovidius
401 1957 497 2038 deque
525 1955 591 2018 suis
620 1964 708 2017 atros
729 1953 898 2035 pertubant
920 1953 1059 2018 crinibus

87 2068 207 2131 angues,
232 2050 379 2112 Tibullus
401 2051 527 2131 proprie
552 2050 653 2130 magis
685 2048 716 2112 T
711 2049 906 2130 ur'pboneqne
932 2049 1058 2128 r'rupena

85 2143 164 2216 feros
176 2156 241 2226 pro
261 2145 400 2208 crinibus
413 2166 540 2227 angues.
575 2145 613 2207 cf.
628 2145 702 2207 Stat.
717 2144 820 2208 Theb.
837 2165 860 2222 1,
874 2165 921 2232 90.
941 2145 992 2206 103
1008 2144 1057 2205 all

89 2240 166 2317 quod
187 2261 215 2301 v.
231 2259 288 2319 219
308 2240 341 2301 in
360 2241 423 2303 fine
444 2241 594 2303 exhibent
614 2240 686 2302 libri
698 2250 820 2320 poenae
839 2239 890 2316 (cf.
911 2240 976 2301 233.
993 2239 1139 2317 blqlnresq.

90 2333 109 2393 si
126 2335 163 2395 ad
189 2334 384 2415 Tisiphonae
410 2338 539 2398 verbera
562 2335 706 2416 pertinet,
739 2333 898 2398 Cerberus
917 2334 1060 2415 sequenti

90 2447 170 2491 versu
190 2432 288 2493 verbo
307 2445 391 2511 eget;
412 2430 469 2491 ista
489 2449 563 2492 sane
583 2439 614 2492 et
630 2429 712 2492 dirt's
722 2428 877 2510 flagrant
892 2428 1061 2493 latratrbm

90 2540 138 2585 ora
162 2524 283 2605 optime
308 2524 495 2599 dictasunt,
525 2525 581 2589 sed
611 2545 686 2599 non,
717 2544 780 2605 qua
810 2524 849 2586 de
874 2545 907 2587 re
931 2524 1059 2606 Heynio

91 2619 264 2699 astipulatur
284 2618 432 2699 Silligius‚
449 2609 603 2701 flagrant
618 2640 679 2682 ora
704 2619 846 2700 ‘repetito
872 2619 918 2680 rei
937 2635 1008 2680 actu
1030 2635 1060 2681 et

91 2707 253 2776 intentione
279 2718 412 2795 operae',
443 2715 498 2777 sed
523 2715 655 2795 flagrant
679 2714 712 2775 in
735 2714 888 2791 latrand0,
920 2727 954 2773 ut
979 2713 1061 2774 tauri

91 2808 194 2870 Aeetae
195 2808 355 2889 fumificis
365 2807 463 2871 haurn
473 2809 642 2891 mugitibus
651 2807 863 2888 impleverunt,
875 2821 909 2868 ut
922 2806 1059 2869 caelestis

92 2898 180 2966 lttrat
203 2902 347 2966 cannula
362 2903 520 2985 flammas
545 2904 665 2981 (Manil.
688 2905 713 2980 5,
735 2904 817 2981 207);
848 2900 936 2981 quod
959 2920 1060 2981 genus
1148 2935 1151 2939 .

91 2994 207 3061 latratus
228 3019 306 3060 num
327 3013 448 3061 tantum
470 3018 564 3060 ausus
583 2998 623 3059 sit
646 3012 680 3058 ut
705 2996 825 3076 primus
846 2996 986 3057 Cerbero
1006 2995 1060 3057 tri-

92 3091 190 3156 bueret
213 3109 308 3174 poeta
335 3113 484 3174 quaerere
505 3092 625 3167 distuli3
653 3091 747 3154 etiam
768 3088 870 3152 Gratti
896 3108 988 3152 canes
1003 3099 1060 3169 pa·

93 3186 153 3250 tulis
181 3187 319 3268 agitatos
348 3187 481 3250 naribus
509 3188 597 3269 ignes
624 3186 749 3267 spirant
777 3189 814 3263 (v.
829 3186 896 3263 270)
927 3201 957 3246 et
984 3184 1061 3247 Stati

94 3277 276 3364 Tisiphonae
295 3283 408 3360 (Theb.
428 3304 450 3361 ι,
470 3285 532 3362 107)
551 3283 660 3363 igneus
673 3289 743 3342 atro
757 3300 812 3342 ore
824 3289 932 3360 vapor.
967 3276 1060 3360 atque

96 3392 191 3454 aptum
216 3397 273 3458 per
296 3399 329 3440 se
354 3378 392 3440 sit
416 3387 497 3458 pone
527 3375 692 3448 Cerberus,
722 3375 777 3436 sed
808 3372 840 3433 id
871 3374 926 3455 qui
955 3373 1062 3455 posuit

97 3467 248 3553 Hauptius,
274 3492 346 3534 cum
366 3471 568 3553 sequentium
587 3474 759 3533 verborum
779 3468 939 3531 arbitraria
959 3484 1062 3558 muta·
