2528 4202
223 297 259 360 58
579 294 839 344 conurnrnmvs

220 493 302 556 sunt,
323 479 349 540 si
369 473 452 542 recte
473 478 655 560 distinguas,
680 476 791 539 tradita
811 478 920 538 verba:
951 474 1044 538 otuu
1062 471 1207 536 wanti

221 584 362 655 carpens,
381 574 500 655 grauis
524 593 607 646 aere,
633 571 751 653 bagua.
793 570 891 651 carpit
913 569 1015 642 obvia
1040 575 1075 632 ut
1093 589 1123 628 v.
1149 569 1204 647 176

221 668 313 731 obvia
332 669 492 749 arripiens
511 667 666 748 infringit.
707 685 835 746 serpens
860 680 966 727 autem
985 663 1103 745 grauis
1127 683 1206 724 aere
1252 667 1253 720 ξ

222 761 336 824 dicitur
355 764 470 824 eodem
491 763 590 824 modo
605 781 670 842 quo
680 780 804 842 graves
822 759 933 823 nidore
949 757 1111 840 chelydros
1124 757 1205 818 Ver·
1252 797 1253 812 t

220 857 314 938 gilius
339 857 475 939 appellat
498 876 606 938 georg.
628 857 655 934 3,
674 857 742 934 415.
788 853 960 917 cavendum
984 873 1022 915 ne
1046 850 1155 933 (pulla)
1181 871 1205 912 a

220 951 412 1032 serpentibus
430 949 596 1031 ardstucuer,
617 970 751 1032 quarum
770 949 849 1012 oder
868 958 933 1011 tam
948 946 1094 1028 pestilens
1106 956 1154 1009 est
1171 953 1208 1008 ut

221 1046 383 1109 intercinat
408 1045 571 1107 uniuersas
601 1045 780 1108 Columella
805 1045 833 1120 8,
866 1046 892 1122 5,
927 1043 976 1119 ι8;
1011 1041 1204 1114 (basiliscus)

221 1149 312 1203 necat
323 1140 469 1220 frutices,
495 1159 556 1202 nan
580 1148 731 1203 contactas
754 1138 845 1201 mado
870 1157 981 1200 verum
1004 1146 1036 1199 et
1058 1135 1203 1217 adflatos,
1252 1151 1253 1196 ῖ

222 1236 331 1298 exurit
341 1234 467 1306 herbas,
487 1235 608 1314 rumpit
616 1253 701 1296 saxa
715 1233 835 1295 Plinius
848 1233 876 1311 8,
897 1232 935 1311 78
954 1230 1080 1310 (deinde
1094 1237 1208 1292 necant

221 1328 335 1407 adure),
353 1329 391 1393 ab
415 1329 446 1392 d'
466 1330 535 1392 ἀπὸ
551 1329 646 1411 χροὸς
665 1329 789 1414 ἐχθρὸν
808 1329 904 1413 ἄηται
926 1326 1104 1388 Nicandrus
1123 1324 1203 1385 ther.

219 1443 274 1502 421
299 1424 347 1502 al.‚
373 1422 458 1485 uelut
477 1423 541 1486 illis
564 1422 700 1488 Canidia
720 1422 878 1504 afflasset,
897 1422 988 1504 peior
1012 1418 1206 1501 serpentibus

220 1519 316 1599 Afris
339 1519 498 1599 Horatius,
524 1535 558 1581 ut
584 1519 720 1581 aliorum
745 1534 912 1599 poetarum
942 1517 980 1579 de
1006 1514 1205 1596 serpentibus

221 1614 310 1675 locos
330 1614 483 1692 omittam,
510 1615 596 1676 velut
616 1613 712 1677 Ovidi
733 1630 805 1676 met.
828 1615 856 1686 3,
875 1634 923 1693 49,
945 1612 1066 1675 Lucani
1086 1632 1115 1691 9,
1135 1611 1204 1689 679,
1252 1665 1253 1676 ,

221 1707 279 1769 Sili
300 1708 327 1785 6,
353 1709 415 1787 187,
435 1709 513 1772 Stati
526 1697 628 1773 Theb.
645 1711 671 1788 5,
687 1711 751 1787 527.
792 1709 847 1770 sed
867 1728 916 1772 res
930 1707 1060 1769 minime
1082 1706 1206 1786 ignota;

223 1801 393 1864 locutionis
407 1805 512 1885 potius
527 1805 670 1885 exempla
684 1823 825 1886 quaeras,
847 1824 909 1885 qua
923 1803 1065 1865 animalis
1080 1799 1208 1882 spiritus

223 1917 275 1958 aer
296 1913 434 1960 vocetur.
487 1899 599 1962 Graeci
627 1899 758 1981 quidem
782 1900 826 1961 sic
856 1899 946 1980 loqui
975 1911 1130 1979 possunt:-
1148 1895 1207 1959 abr

221 1991 301 2079 ἀέρα
323 1993 500 2077 ἐκπέμπειν
528 1993 683 2075 Epicurus
704 1995 744 2075 (p.
763 2013 809 2073 27,
830 2013 848 2072 7
869 1994 943 2072 Vs),
969 1992 1083 2054 latinus
1104 1992 1205 2052 homo

221 2106 327 2148 aerem
348 2108 380 2150 se
401 2087 542 2150 emittere
556 2108 615 2168 pro
631 2087 742 2170 spiritu
763 2108 828 2151 non
848 2088 937 2150 facile
952 2086 1072 2164 dixerit,
1093 2105 1207 2167 quam·

221 2181 268 2243 vis
289 2201 384 2261 parva
403 2183 442 2244 sit
467 2198 497 2244 et
523 2199 633 2262 poetae
661 2202 809 2245 concessa
830 2181 1042 2264 metonymiae
1063 2181 1206 2257 audacia,

222 2275 260 2337 cf.
283 2276 395 2339 Cicero
416 2278 455 2340 de
477 2293 537 2340 nat.
560 2278 643 2340 deor.
664 2297 692 2356 2,
717 2278 751 2338 18
771 2277 813 2339 ab
832 2297 908 2340 aere
927 2297 962 2338 ea
981 2295 1072 2357 quem
1091 2274 1206 2356 spiritu

222 2369 371 2448 ducimus,
392 2371 467 2434 Stat.
481 2371 584 2433 Theb.
601 2391 643 2448 12,
658 2390 714 2449 7¹²
734 2370 875 2452 dc'rtsqm
886 2369 1056 2452 vaporibus
1069 2387 1205 2450 aegrum

222 2483 302 2525 aera
312 2499 349 2508 —
361 2463 481 2527 ducens.
502 2465 557 2527 sed
568 2465 692 2527 homini
702 2465 891 2546 Epicuream
903 2465 1079 2528 doctrinam
1088 2463 1205 2526 edocto

221 2558 410 2640 Lucretique
436 2560 556 2636 lectori,
584 2561 711 2641 qualem
735 2561 916 2623 invenimus
947 2576 977 2623 et
1006 2559 1205 2622 inveniemus

221 2652 308 2714 hunc
327 2669 464 2735 poetam,
489 2675 528 2716 ne
553 2656 723 2718 locutionis
744 2656 873 2737 quidem
893 2655 1019 2718 licentia
1038 2653 1205 2716 videbatur

221 2766 327 2809 aerem
356 2768 415 2829 pro
446 2750 556 2831 spiritu
586 2771 713 2832 ponere.
765 2751 857 2813 Lucr.
881 2771 909 2829 4,
934 2751 991 2830 937
1022 2747 1205 2812 interimam

220 2842 315 2904 etiam
329 2853 464 2924 partein
475 2845 667 2926 spirantibus
692 2866 752 2909 aer
771 2844 921 2908 verberat
941 2845 992 2908 be't
1016 2843 1108 2925 Mem?
1135 2859 1204 2904 cum

220 2935 342 2999 ducitur
355 2948 446 3019 atque
459 2939 603 3021 reflatur,
624 2942 650 3018 3,
670 2960 718 3002 121
741 2960 811 3003 cum
824 2951 959 3021 corpora
967 2950 1072 3022 pauca
1086 2939 1203 3002 caloris

220 3030 375 3112 diffingere
385 3033 544 3114 forasque
558 3045 620 3115 per
640 3055 674 3096 cs
693 3044 741 3097 est
757 3034 856 3098 editus
875 3054 941 3097 aer.
982 3036 1084 3098 multo
1105 3032 1203 3096 auda-

220 3125 285 3186 cius
305 3127 430 3188 locutus
451 3143 496 3190 est
516 3128 611 3190 Silius
631 3129 707 3191 item
732 3129 765 3192 in
791 3129 943 3210 serpentis
967 3149 1074 3210 pugna
1094 3129 1124 3202 6,
1146 3132 1201 3209 275

218 3220 285 3282 eam
303 3220 425 3301 paulis
446 3232 534 3286 vasta
557 3222 614 3286 sub
638 3224 767 3286 uulnere
781 3225 934 3305 saucibus
957 3245 1017 3286 aer
1043 3222 1203 3306 tabificam

218 3315 347 3395 expirat
366 3318 496 3390 saniem,
520 3317 641 3380 scelera
665 3319 784 3393 ultima,
809 3321 933 3401 eamque
958 3319 1078 3400 ingenti
1099 3317 1202 3381 canda

218 3418 249 3471 et
266 3410 377 3473 circulis
395 3420 427 3473 et
436 3411 578 3493 pondere
597 3414 680 3476 canti
696 3414 808 3476 barret
817 3413 914 3487 humi,
935 3413 1077 3493 lassaque
1097 3421 1200 3474 tamen

217 3505 382 3568 minitatur
402 3506 500 3579 baana
526 3526 622 3587 quem
649 3508 757 3570 locum
782 3523 884 3570 totum
908 3507 1055 3589 exscripsi
1079 3522 1116 3568 ut
1137 3525 1200 3568 set-

216 3601 322 3662 monis
341 3601 477 3664 formam
491 3600 688 3663 restituerem
709 3601 838 3681 (scelera
852 3602 988 3683 exempli
1001 3619 1094 3665 causa
1108 3600 1198 3682 posui
