2528 4202
239 285 277 345 80
596 277 855 326 COMMENTARIVS

239 483 305 526 non
325 462 432 525 addito
454 481 521 543 quo
539 461 739 542 intellegatur
758 478 829 521 eam
848 460 960 522 turbae
974 457 1106 522 alicuius
1120 460 1224 539 agmia

238 558 324 619 nisve
344 573 465 638 partem
486 560 569 618 esse?
600 554 718 617 accedit
744 569 778 616 ut
803 553 870 615 iam
890 574 917 615 v.
940 555 1006 627 251,
1033 553 1121 634 quod
1147 553 1224 616 dico

238 652 275 718 ab
296 652 433 732 εὔλογον
456 667 590 726 secutus,
612 671 677 712 non
697 649 797 711 sciens
818 663 872 710 aut
890 649 1018 726 docens,
1039 650 1224 728 anaphora'rt

238 747 371 828 figuram
392 745 516 807 indicet.
558 743 762 805 haecomnia
783 763 822 806 eo
844 745 1022 824 perducunt
1041 757 1077 804 ut
1100 741 1224 824 aliquid

238 857 309 922 post
321 861 349 901 v.
362 841 419 920 248
432 837 623 900 intercidisse
636 853 817 915 statuamus,
835 837 925 900 cuius
938 839 1074 901 iacturae
1085 838 1224 900 modum

238 951 268 998 et
291 954 392 1016 genus
417 933 465 994 his
489 932 592 995 verbis
622 931 775 995 illustrare
805 932 900 995 licet:'
920 943 1013 1014 atque
1041 932 1127 994 alias
1157 932 1233 994 ala*

237 1029 349 1092 densas
377 1039 472 1110 super
500 1027 628 1109 agmine
661 1037 784 1090 turmas
820 1031 926 1108 [atque
955 1026 1040 1091 alr'as
1067 1025 1225 1088 scelerum

227 1125 385 1204 facus,
372 1144 437 1186 ram
466 1141 594 1186 cerrure
618 1127 729 1202 cogar]
758 1121 913 1202 a'rrrpz'etate
926 1122 1010 1201 fera
1034 1116 1236 1184 vaecordemi

241 1217 391 1283 Colchida
419 1226 554 1279 matrem
580 1236 606 1278 e.
627 1235 656 1297 q.
675 1235 699 1276 s.
730 1250 768 1260 —
798 1216 886 1297 quod
915 1237 943 1277 v.
963 1217 1020 1295 248
1045 1202 1237 1280 Vossianust

237 1312 347 1376 turbas
371 1314 508 1394 praebet,
532 1309 711 1372 meminisse
737 1310 822 1372 iuvat
847 1311 935 1390 quod
956 1310 1162 1373 Gitlbauerus
1191 1290 1238 1374 ini

237 1407 419 1470 Woelfflini
442 1407 525 1468 arch.
551 1425 573 1483 t,
601 1406 658 1485 349
688 1405 727 1466 de
752 1404 864 1467 turbae
892 1420 922 1466 et
946 1413 1130 1468 turmarum
1161 1375 1239 1468 usui

237 1500 412 1563 Horatiano
433 1499 566 1562 monuit.
613 1518 709 1580 quem
729 1519 824 1562 usum
844 1519 911 1562 non
931 1499 971 1561 ad
992 1519 1094 1561 unum
1115 1501 1226 1563 Hora·

236 1596 315 1658 tium
336 1595 491 1675 pertinere
515 1595 596 1672 dico,
622 1595 678 1656 sed
705 1595 745 1656 ad
765 1593 974 1675 Vergilium
966 1610 1057 1671 ¹tem;
1085 1595 1242 1672 Ovidiust

235 1689 363 1753 turbam
384 1691 477 1752 habet
498 1706 527 1750 et
547 1697 696 1761 turmam,
725 1689 907 1770 Propertius
932 1687 1059 1751 turbam
1079 1699 1243 1752 turmamr

237 1787 362 1864 (non3‚
387 1805 429 1864 14,
455 1804 490 1863 14
509 1783 565 1845 sed
584 1802 613 1862 4,
632 1802 662 1862 4,
684 1784 731 1862 31)
751 1793 875 1846 turmas
895 1786 932 1892 (23
954 1804 995 1859 ro,
1012 1785 1048 1863 3),
1069 1784 1244 1846 Tibullus*

237 1879 372 1953 turbam,
393 1898 451 1942 nec
469 1879 563 1941 video
582 1878 652 1958 quis
666 1891 832 1958 poetarum
847 1880 972 1962 agmina
986 1878 1034 1957 (cf.
1051 1879 1135 1941 Non.
1149 1882 1245 1959 524;

237 1974 382 2036 scholion
403 1979 481 2036 Aen.
507 1994 550 2052 ro,
570 1974 628 2053 432
653 1974 693 2034 ad
713 1971 843 2035 Terenti
863 1973 923 2034 Ad.
943 1991 1010 2052 907,
1032 1973 1088 2035 ubi
1108 1974 1227 2036 turbas
1245 1980 1246 1990 ’

237 2068 424 2146 Bembinus‚
458 2067 585 2131 turbam
615 2068 804 2150 Calliopius)
837 2067 948 2130 turbas
977 2067 1103 2146 dixerit;
1136 2087 1225 2133 certe

238 2163 313 2224 falsa
343 2176 416 2222 sunt
446 2182 526 2242 quae
556 2177 586 2224 et
616 2163 668 2226 alii
698 2163 844 2226 dixerunt
874 2176 904 2224 et
928 2162 1150 2225 Broukhusius
1183 2167 1226 2226 ad

184 2273 224 2318 250
237 2259 331 2337 Prop.
350 2256 376 2331 3,
402 2273 444 2333 12,
470 2257 511 2316 16.
535 2291 572 2301 —-
593 2257 695 2320 anxia
713 2257 847 2320 vulnera
865 2277 894 2318 v.
909 2259 967 2319 250
985 2257 1098 2319 eadem
1118 2257 1226 2338 figura

237 2371 299 2433 qua
323 2349 465 2412 volucres
489 2369 590 2413 auras
614 2373 642 2413 v.
664 2354 730 2428 253,
756 2352 815 2414 nisi
841 2352 928 2432 quod
954 2351 1009 2413 has
1034 2371 1053 2413 a
1077 2353 1226 2433 Vergilio

185 2461 224 2506 au
238 2444 379 2526 sumpsit.
414 2465 442 2506 v.
458 2447 514 2506 252
536 2445 714 2508 emendavit
731 2447 885 2529 Silligius:
906 2450 929 2510 ἃ
945 2447 1031 2511 Ἴτυν
1046 2448 1123 2514 ,αἰὲν
1133 2449 1225 2512 Ἴτυν

184 2558 223 2602 aaa
237 2535 441 2626 ὀλοφύρεται.
491 2561 519 2601 v.
541 2542 598 2602 256
627 2541 734 2604 nescio
767 2562 806 2603 an
837 2541 948 2602 fortius
981 2541 1020 2602 sit
1052 2551 1228 2604 aversatus

184 2653 223 2699 aaa
238 2654 333 2715 quam
354 2634 443 2716 quod
469 2634 547 2696 olim
573 2654 776 2699 correxerunt
795 2645 972 2698 aversatur.
1014 2635 1090 2697 item
1110 2657 1140 2696 v.
1163 2640 1226 2716 259

237 2730 343 2792 nescio
370 2749 426 2792 cur
449 2730 580 2792 numina
606 2747 781 2807 mutentur;
812 2750 892 2811 quae
917 2731 943 2792 si
970 2731 1009 2793 ad
1035 2749 1145 2792 manes
1167 2747 1226 2792 aut

237 2825 276 2887 ad
306 2826 415 2888 locum
445 2825 576 2887 numine
606 2827 738 2907 plenum
768 2825 884 2888 referre
915 2825 1053 2901 dubites,
1085 2841 1116 2887 at
1147 2842 1227 2888 sunt

237 2919 369 2982 numina
387 2919 573 2998 inferorum,
594 2935 624 2982 et
644 2919 747 2982 statim
766 2919 894 2980 obviam
906 2919 992 2981 venit
1005 2920 1224 3001 Persephone.

185 3035 224 3083 aa)
317 3014 427 3095 Incipit
446 3015 535 3078 locus
556 3016 595 3077 de
616 3013 733 3096 Elysio,
755 3011 844 3075 cuius
864 3014 896 3076 in
917 3014 1025 3076 limine
1046 3029 1093 3076 est
1110 3033 1228 3076 versus

238 3128 334 3190 quem
355 3123 438 3171 certa
457 3109 578 3171 ratione
602 3108 756 3190 explicare
780 3107 922 3190 despero.
961 3123 1085 3170 tantum
1114 3108 1229 3184 video,

237 3202 378 3284 Elysiam
402 3203 521 3267 undam
547 3203 595 3282 (cf.
617 3203 691 3266 Stat.
712 3202 779 3264 silv.
802 3205 828 3281 5,
850 3204 876 3281 3,
897 3223 915 3264 2
935 3201 1043 3284 Elysia
1061 3202 1106 3266 -de
1116 3204 1226 3283 fonte,

237 3297 340 3360 Theb.
356 3299 382 3376 3,
404 3300 471 3377 247)
492 3299 653 3360 eliminare
674 3312 705 3359 et
718 3296 892 3359 Eridanum
910 3298 1025 3360 inferre
1038 3298 1228 3361 arbitrariae

236 3391 379 3454 licentiae
400 3411 480 3472 esse;
501 3394 668 3456 difficultas
689 3411 754 3453 non
775 3407 820 3454 est
834 3392 962 3454 illorum
975 3394 1149 3455 verborum
1163 3393 1225 3455 sed

238 3483 391 3566 participii
403 3486 491 3566 quod
502 3501 546 3548 est
557 3486 741 3560 truncandus,
752 3506 855 3567 neque
866 3487 1014 3549 insensus
1021 3489 1071 3550 vel
1079 3489 1226 3551 notionis

239 3579 427 3640 obscuritate
449 3579 615 3641 difficultas
634 3580 722 3657 inest,
743 3581 850 3642 sedin
871 3582 987 3661 forma3
1008 3602 1113 3663 neque
1134 3585 1224 3646 enim
