2370 4072
163 256 215 298 ,ω
516 235 777 282 comminans

159 418 279 479 dictum
293 434 373 480 esset
382 417 572 498 Algaeaqus
581 416 677 479 litora
694 432 725 478 et
739 432 810 497 apte
826 417 986 479 adiectum
996 418 1141 490 &combis

159 510 308 583 cattubtts,
328 513 367 573 cl.
388 513 489 574 Strab.
505 532 535 591 p.
552 513 609 574 386
628 513 668 574 de
689 512 718 573 N
739 531 773 573 21
807 515 916 592 Αἰγὰς
932 515 1065 594 βέλτιον
1086 515 1140 578 δέ·

160 611 278 688 gmon·
302 610 358 682 τὰς
381 608 417 671 ἓν
440 603 564 689 utpote
585 609 643 691 ἀφ’
670 597 718 670 alr
738 608 823 682 εἰκὸς
849 611 904 671 aul
932 608 970 672 τὸ
1000 610 1141 689 πέλαγος

160 704 303 781 Αἰγαῖον
324 704 481 787 λεχθῆναι
504 702 554 780 ξεί.
565 722 596 783 p.
605 705 685 780 405),
699 701 807 782 Eurip.
821 702 894 764 Hel
912 703 986 763 ιι28
1010 707 1141 787 πέτραις

160 801 343 880 Kaqppt'ow
370 797 519 880 ἐμβαλών
534 800 691 876 Αἰγαίαις
717 798 745 860 ι’
769 797 934 862 {Motum
953 799 1079 872 ἀκταῖς.
1102 837 1137 846 -

159 895 239 952 Aen.
274 911 321 961 ιι,
357 893 415 954 260
448 891 605 954 [tamisae
636 901 741 956 cautes
772 890 914 972 ultorqus
951 890 1141 973 Caphereus,

160 1005 189 1045 v.
202 1006 226 1045 s
247 986 287 1046 ad
307 1007 336 1046 v.
352 987 417 1047 332.
437 1022 475 1031 -
495 988 535 1048 de
555 987 670 1049 eodem
683 986 841 1048 Vossiano
859 987 987 1066 gratior
1000 987 1141 1068 quaestio

107 1101 147 1146 att
160 1095 307 1142 movetur
326 1082 400 1143 inv.
416 1083 482 1149 357.
522 1083 578 1163 qui
597 1101 705 1143 versus
724 1081 806 1142 utin
821 1080 979 1143 Bembino
998 1082 1141 1164 reliquis-

159 1193 221 1254 que
246 1176 360 1256 legitur
389 1183 473 1250 (mm
499 1176 662 1257 Phrygiae
684 1175 807 1254 possein
830 1195 917 1256 vaga
939 1175 1072 1256 praeda
1090 1187 1141 1258 pe-

158 1278 310 1349 remptae)
331 1271 470 1353 flamma
491 1272 592 1334 omnis
617 1271 651 1333 in
674 1291 829 1352 aequoreo
855 1269 1038 1351 nmfiaga'a
1061 1269 1141 1333 lucae

158 1363 193 1436 (i.
207 1384 233 1424 e.
251 1364 358 1443 flucae}
387 1366 471 1428 facili
501 1366 642 1428 remedio
672 1365 793 1427 restitui
822 1384 889 1426 non
918 1380 1038 1444 potest;
1067 1384 1140 1428 nam

151 1456 289 1539 fluctuat
305 1460 445 1541 titstucut
458 1447 726 1542 pessimedictum
741 1475 832 1522 estet
848 1458 1035 1540 namfrago,
1055 1460 1141 1541 quod

159 1553 298 1634 Scaliger
318 1555 460 1632 coniecit,
485 1555 625 1617 Naekius
648 1555 794 1636 probavit
814 1555 856 1635 (p.
874 1557 957 1634 292),
982 1555 1141 1636 Hauptius

159 1649 285 1728 recepit,
310 1649 382 1711 ferri
407 1670 473 1712 non
498 1667 609 1732 potest,
635 1665 671 1711 ut
696 1649 923 1711 demonstravit
942 1650 1079 1712 Seitzius
1103 1650 1141 1711 de

159 1743 319 1806 adiectivis
339 1760 422 1824 poet
443 1745 494 1806 lat
520 1743 703 1826 compositis
727 1763 758 1824 p.
776 1764 795 1822 9
815 1763 876 1824 sq.;
906 1745 1043 1825 quodsi
1073 1745 1142 1827 quis

158 1840 373 1920 probabiliora
397 1841 551 1902 vocabula
576 1838 740 1915 invenerit,
769 1838 870 1900 nihilo
894 1840 996 1920 magis
1016 1841 1143 1903 tolerari

160 1935 275 2016 poterit
294 1954 402 1996 versus
427 1954 490 1995 una
510 1948 581 2014 post
600 1949 745 2014 quartam
764 1933 848 1994 arsin
868 1953 997 1996 caesura
1016 1934 1141 2009 incisus,

159 2030 249 2091 cuius
269 2029 392 2110 generis
412 2047 538 2090 versum
559 2029 661 2090 Culex
682 2046 756 2088 cum
777 2027 884 2089 multis
904 2027 973 2089 aliis
994 2029 1141 2092 carmini-

160 2126 219 2184 bus
233 2124 358 2186 nullum
372 2125 475 2201 habet,
496 2123 534 2185 cf.
550 2122 730 2184 Guilelmus
743 2122 915 2204 Meyerus
906 2143 939 2184 tn
952 2124 1041 2187 relat
1056 2124 1141 2187 acad.

159 2219 268 2280 Bavar.
294 2220 416 2299 1884p.
435 2219 516 2297 1076
556 2217 620 2278 iam
635 2216 807 2278 Vossianus
827 2218 913 2280 hunc
933 2219 1064 2281 exhibet
1076 2240 1144 2281 ver

159 2332 246 2374 sum:
270 2313 371 2375 onmis
396 2313 429 2375 in
452 2331 606 2394 aeqttoreo
620 2310 770 2393 fluitat
755 2331 822 2373 tam
846 2313 1013 2394 naufraga
1031 2313 1141 2396 flucae.

160 2409 215 2491 qui
240 2428 313 2470 curn
340 2408 457 2489 optime
482 2407 610 2489 incipiat
633 2426 652 2468 a
671 2404 775 2467 verbis
797 2404 885 2486 prius
906 2407 1143 2472 hemistichium

159 2521 231 2584 apte
256 2504 468 2580 reddentibus,
494 2503 583 2565 facile
608 2500 734 2563 nobis
726 2520 759 2561 ιιι
784 2502 843 2563 hac
867 2501 1052 2583 praesertim
1078 2523 1144 2566 car-

160 2597 254 2659 minis
288 2614 374 2678 parte
408 2599 565 2680 genuinae
596 2597 726 2678 originis
755 2596 859 2678 specie
893 2596 1052 2678 imponat3
1088 2599 1142 2661 sed

159 2694 307 2775 prohibet
326 2693 465 2757 otiosum
481 2694 560 2756 illud
574 2693 641 2755 iam
661 2694 706 2772 (ut
719 2708 801 2756 recte
816 2692 995 2754 observavit
1008 2693 1142 2755 Seitzius

160 2789 179 2851 l.
193 2811 217 2850 s.
243 2809 285 2866 to,
311 2791 344 2867 r),
366 2789 453 2870 quod
479 2789 511 2850 in
537 2787 622 2849 testis
644 2787 794 2868 ambigua
814 2786 876 2849 fide
896 2802 1010 2868 poetae
1031 2790 1141 2851 obtru-

159 2883 233 2945 dere
258 2904 324 2946 non
348 2884 497 2946 sustineo.
547 2883 626 2944 nihil
651 2881 838 2963 relinquitur
863 2881 923 2944 nisi
943 2896 979 2944 ut
999 2882 1140 2945 dicamus

159 2992 263 3057 aptam
290 2993 320 3039 et
345 2978 441 3042 latino
469 2994 562 3060 poeta
587 2978 716 3059 dignam
740 2977 835 3039 talem
855 2996 922 3039 esse
943 2996 1053 3041 versus
1072 2998 1141 3060 spe-

159 3070 254 3133 ciem:
276 3072 379 3135 otnnir
397 3073 430 3135 in
449 3092 602 3152 aeqzwreo
623 3072 759 3135 tactam
777 3072 940 3153 naufrago
949 3071 1064 3152 fluctu,
1088 3072 1141 3135 sed

159 3182 282 3228 certum
302 3167 335 3229 in
355 3189 388 3231 re
409 3169 526 3230 incerta
547 3167 626 3230 nihil
645 3165 843 3249 pronuntiari
863 3185 965 3246 posse.

81 3279 160 3332 antiq.
239 3263 383 3343 Denique
410 3263 573 3324 Romanae
598 3261 700 3342 gentis
726 3263 838 3323 heroes
868 3259 1024 3341 conspicit
1051 3260 1139 3323 culex

60 3395 63 3402 ·
160 3359 275 3421 Fabios
296 3359 410 3422 Decios
429 3357 580 3420 Horatios
593 3356 765 3418 Camillum
786 3353 934 3417 Curtium
955 3354 1138 3418 Scaevolam

161 3453 295 3515 Curium
318 3453 510 3516 Flaminium
531 3451 669 3532 aliquem
693 3450 871 3532 Scipiones,
902 3469 983 3530 quos
1010 3464 1137 3531 excepto

159 3547 276 3610 scilicet
296 3548 453 3611 Flaminio
474 3546 631 3627 Vergilius
652 3547 747 3607 habet
767 3546 806 3625 (6,
826 3546 883 3624 817
905 3564 950 3625 sq.
972 3545 1011 3607 cf.
1032 3565 1134 3627 georg.
