2370 4072
176 284 215 362 4⁶
534 280 795 329 comuaurruuvs

178 486 206 546 p.
223 467 288 544 327.
328 484 378 527 me
403 465 535 528 offendit
559 480 630 544 post
654 480 701 526 tot
720 464 952 526 amoenitatum
970 461 1038 525 rusti

177 560 448 622 enumerationem
473 560 505 620 in
529 560 755 622 exclamatione
781 559 862 620 elata
890 579 956 620 una
977 557 1064 637 aliqua

178 675 259 736 quae
279 654 461 735 praesertim
475 653 537 714 iam
551 669 679 716 tractata
697 655 736 716 sit
749 675 778 714 v.
792 673 830 732 77
843 674 905 734 sq.;
925 654 997 716 satis
1011 667 1050 714 est
1133 704 1135 713 .

177 750 298 812 tissima
317 758 413 828 tempe
433 747 496 808 dici
516 767 598 828 quae
617 749 756 811 incolant
776 765 847 829 post
860 749 998 829 pecudes
1009 745 1065 809 etP
1133 755 1136 790 ²

178 844 356 906 nominatae
382 843 630 923 Hamadryades,
660 862 733 906 cum
758 843 876 923 quibus
905 859 1056 924 pastorum
1086 833 1091 847 ’

177 938 387 1018 coniungitur.
427 937 548 999 conieci
567 938 759 1018 graa'ssima
776 947 884 1018 mapa,
903 937 1012 1001 horna
1027 934 1061 999 H

177 1032 342 1114 dryadum.
375 1033 485 1095 hortus
499 1034 722 1116 nympharum,
743 1037 925 1116 παρθένον
945 1033 1043 1118 κῆπος
1093 1022 1099 1041 ’

176 1151 274 1208 paroc
294 1128 388 1208 (Ibyc.
400 1129 457 1209 frg.
469 1131 503 1205 r),
517 1144 552 1190 ut
563 1127 810 1209 Hesperidarum
820 1128 1011 1205 notissimus,
1022 1123 1072 1188 utl
1097 1115 1103 1131 '

178 1222 306 1284 lunonis
319 1223 451 1285 Veneris
470 1223 589 1285 Dianae
609 1222 755 1285 Herculis
768 1223 907 1284 Pudoris
927 1222 1011 1285 horti
1028 1235 1054 1283 et

177 1332 289 1396 poetae
302 1317 380 1379 alios
394 1317 433 1378 ad
447 1332 599 1379 notorum
612 1317 755 1396 exempla
770 1316 942 1397 lingebant
973 1318 1011 1379 cf.
1024 1314 1098 1379 Colt

176 1413 231 1473 263
246 1433 291 1494 sq.
332 1413 371 1474 de
395 1413 591 1474 nominativo
616 1432 688 1474 casu
708 1412 779 1474 vide
800 1412 840 1473 ad
864 1433 893 1473 v.
910 1412 978 1491 269.
1022 1428 1072 1473 ean

137 1504 272 1585 usigitur
297 1526 393 1587 quam
422 1507 582 1589 nymphae
608 1507 727 1569 eisdem
750 1507 783 1568 in
802 1507 881 1568 locis
901 1523 1041 1588 pastores
1073 1502 1079 1515 '

176 1616 298 1679 gerunt,
323 1605 496 1664 Ascraeum
516 1617 620 1664 vatem
643 1601 861 1681 unusquisque
886 1600 1054 1677 imitantes

176 1695 304 1757 tentiam
325 1696 457 1759 restituit
478 1695 735 1758 Helmstadiensis
762 1697 866 1775 (poeta
891 1693 987 1756 etiam
1013 1700 1127 1771 excerpt

177 1790 340 1870 Parisina);
380 1791 452 1853 vide
485 1791 741 1872 interpolatorem
771 1788 976 1851 Vossianum:
1015 1783 1130 1851 aeaut&

177 1887 316 1950 Ascraeo
335 1887 462 1967 pastori
482 1889 609 1966 quisque
627 1894 728 1966 poeta.
769 1884 823 1945 sed
843 1882 960 1945 iterum
979 1878 1133 1945 dubitesir

177 1980 317 2042 intricata
330 1982 501 2042 verborum
515 1980 755 2060 compositione,
771 1977 836 2040 sibi
845 1993 954 2039 utrum
968 1979 1009 2039 ad
1023 1979 1135 2040 verbum

177 2075 264 2155 quod
285 2090 329 2135 est
349 2073 487 2135 traducit
504 2077 553 2153 (74
568 2074 731 2154 pallentem
749 2073 823 2152 radi)
845 2093 886 2135 an
905 2074 947 2136 ad
967 2073 1135 2136 adiectivunt

177 2169 264 2250 quod
278 2185 324 2230 est
337 2167 479 2230 aemulus
491 2170 645 2248 pertinere
658 2183 752 2248 poeta
764 2168 908 2230 voluerit
936 2182 1032 2249 atque
1045 2183 1136 2248 quam·

177 2263 222 2324 vis
246 2264 393 2325 audacter
419 2263 463 2325 sic
488 2263 553 2324 duo
577 2263 671 2325 dativi
696 2263 938 2345 coniungantur,
969 2263 1032 2326 hoc
1052 2260 1136 2344 potius

177 2358 279 2420 dicere
300 2357 432 2435 videtur,
453 2357 512 2418 sibi
532 2377 692 2441 quemque
713 2357 863 2420 aemulari
883 2357 1072 2437 Hesiodum,
1090 2358 1136 2419 ie

177 2453 269 2515 etiam
290 2452 453 2514 destitutos
479 2452 606 2533 ingenio
633 2454 758 2533 poetico
784 2468 924 2533 pastores
947 2468 1082 2516 ceteram
1099 2469 1136 2533 pt·

176 2548 294 2610 storalis
315 2562 425 2627 poetae
445 2547 624 2609 felicitatem
642 2567 702 2608 suo
716 2566 845 2629 quoque
860 2547 958 2609 modo
974 2543 1136 2611 consectati·

176 2641 214 2703 cf.
236 2639 327 2702 Lucr.
351 2644 376 2719 5,
397 2642 456 2721 960
472 2641 598 2715 serebat
613 2651 717 2722 sponte
740 2661 800 2703 sua
821 2640 885 2703 ribi
901 2641 1031 2723 quasque
1048 2641 1136 2705 valea

175 2735 321 2798 etataere
335 2736 447 2799 dacats.
477 2755 542 2797 non
555 2735 622 2797 sine
633 2735 765 2797 consilio
779 2734 874 2815 igitur
883 2735 987 2797 statim
997 2749 1136 2817 pastorem

176 2832 311 2895 ostendit
332 2850 458 2894 carmen
478 2850 539 2891 non
559 2839 629 2891 arte
648 2848 767 2892 canora
787 2829 1016 2893 modulantem.

136 2952 162 2996 aa
253 2927 289 2989 V.
309 2928 347 3008 98
373 2925 473 3006 pergit
497 2924 529 2984 in
554 2925 730 2986 narratione
756 2945 773 2986 a
798 2944 860 3004 qua
883 2944 911 2985 v.
934 2926 970 2987 58
992 2926 1136 3006 degressus

176 3038 248 3084 erat.
299 3020 426 3101 apricas
445 3039 540 3082 curas
559 3034 664 3099 pastor
689 3019 751 3100 agit
776 3019 808 3080 in
832 3018 940 3098 aprico
960 3021 1076 3083 scilicet
1094 3034 1136 3099 pa

175 3117 260 3194 situs,
282 3132 356 3178 nota
375 3114 529 3195 loquendi
550 3114 650 3194 figura
669 3115 778 3195 poetis,
799 3112 854 3175 sed
874 3113 907 3174 in
921 3114 984 3176 hoc
998 3109 1136 3177 vocabulo

176 3231 266 3273 nova.
307 3211 394 3273 Persi
407 3210 509 3291 aprica
521 3229 608 3272 sanes
627 3212 665 3288 (5,
683 3210 746 3289 179)
767 3209 830 3270 huc
844 3207 972 3270 faciunt.
1011 3209 1048 3270 cf.
1063 3205 1136 3269 Cice·

176 3305 260 3367 ronis
274 3304 312 3367 de
327 3324 390 3367 sen.
408 3309 443 3383 57
463 3304 519 3368 ubi
528 3304 610 3367 enim
616 3313 719 3385 potest
729 3302 786 3366 illa
800 3312 887 3364 aetas
901 3302 950 3379 (cf.
965 3324 994 3363 v.
1011 3303 1070 3365 186.
1085 3295 1136 3370 388)

175 3410 232 3462 aut
249 3399 401 3462 calescere
417 3399 471 3461 ael
480 3398 670 3481 apricatione
682 3397 793 3459 melius
807 3396 860 3460 vel
870 3396 941 3477 igni
950 3406 1009 3460 aut
1018 3391 1136 3460 vatiam

136 3508 162 3550 ⁹9
175 3493 296 3557 umbris
320 3493 447 3574 aquisve
466 3493 666 3574 refrigerari
685 3491 866 3555 salubrius?
896 3511 925 3552 v.
944 3512 984 3572 99
1009 3487 1092 3572 quod
1112 3483 1135 3544 in

176 3588 224 3649 his
243 3588 346 3649 verbis
371 3607 432 3648 non
457 3596 527 3648 arte
551 3606 669 3649 canora
693 3587 877 3667 particulam
899 3605 960 3648 non
980 3605 1046 3648 non
1066 3595 1136 3645 corn·
