2370 4072
441 228 487 278 AD
502 229 530 277 V.
546 229 651 289 288-294
666 243 700 288 sq.
1024 232 1062 309 87

77 430 154 473 cum
174 411 331 474 sermonis
352 410 465 473 duritie
479 425 673 492 pugnantem
690 410 852 473 duriorem
866 430 962 491 quam
983 412 1062 475 solet

75 506 273 569 versiculum
298 505 467 568 admisisse.
509 506 623 569 deinde
647 526 676 568 v.
698 523 754 585 292
781 503 840 568 sed
859 514 893 568 tn
917 503 1061 584 crudeles,
1074 521 1114 568 2⁹2

75 600 215 664 crudeles
238 610 272 664 tn
298 601 412 683 magei,
440 598 568 681 Orpheu
592 600 700 681 negari
729 619 795 662 non
825 613 927 681 potest
957 599 1062 680 magis

75 693 225 776 ineptum
245 715 321 775 esse,
342 712 417 758 nant
437 696 613 777 comparari
629 694 751 776 Orphei
771 695 852 758 actio
873 713 938 756 non
959 694 1062 774 potuit

75 789 135 851 nisi
157 807 233 852 cum
254 790 425 873 Eurydica3
456 804 550 872 atque
575 789 654 851 illud
678 790 763 852 unde
788 788 909 851 venerit
933 803 1062 869 apparet

75 898 104 946 et
124 883 340 946 certissimum
360 885 495 948 alterum
515 896 561 946 est
580 884 762 947 imitationis
775 884 974 965 Vergilianae
995 901 1061 944 non

75 978 205 1042 dextere
225 979 384 1043 institutae
402 979 565 1055 indicium,
583 979 638 1041 sed
653 979 887 1058 bucolicorum;
909 978 1060 1041 nimirum

75 1074 228 1157 expressit
248 1075 387 1138 duorum
407 1074 584 1138 crudelium
606 1075 875 1156 comparationem
896 1075 952 1136 ecl.
974 1075 1001 1151 8,
1020 1091 1060 1153 47

75 1186 182 1232 saevos
207 1169 312 1233 Anser
336 1169 441 1234 docui}
465 1180 612 1233 natorum
641 1170 795 1252 sanguine
820 1177 956 1231 matrem
982 1185 1060 1231 com-

80 1263 240 1328 maculare
258 1285 384 1343 manus,
410 1264 546 1328 crudeles
565 1274 598 1327 tn
621 1284 749 1346 queque,
773 1274 884 1328 mater.
925 1261 1061 1326 crudeles

82 1367 176 1421 nater
196 1359 305 1441 magis
317 1378 360 1423 an
367 1369 451 1441 peter
464 1359 625 1440 improbus
638 1359 711 1424 ille?
733 1359 893 1442 improbus
907 1358 958 1422 ille
968 1368 1059 1439 puer,

87 1452 212 1516 tnedelis
231 1463 265 1516 tn
284 1472 412 1536 qnoque,
432 1464 542 1518 mater.
582 1473 679 1536 quem
699 1455 807 1517 locum
828 1455 941 1519 rectius
962 1472 1059 1534 quam

88 1544 127 1609 ille
147 1548 301 1629 expressit
321 1564 416 1631 poeta
435 1549 610 1613 Ovidianus
626 1551 691 1612 her.
706 1569 753 1628 20,
779 1549 830 1611 103
851 1568 927 1612 nam
946 1566 1060 1612 saevus

86 1637 109 1704 e't
127 1638 193 1714 tile,
216 1642 262 1706 sit
282 1643 388 1725 mages
412 1643 446 1706 in
470 1652 578 1707 nanim
602 1662 699 1708 saeva
723 1653 848 1725 reperta
865 1653 995 1724 parens.
1022 1676 1057 1688 -

88 1732 139 1797 itm
159 1737 362 1802 concluditur
382 1738 472 1801 locus
492 1738 540 1800 his
559 1739 671 1817 verbis,
692 1756 773 1820 quae
790 1752 824 1799 ut
840 1738 873 1799 in
886 1737 972 1798 libris
985 1750 1138 1802 suntrttst.

86 1832 263 1894 ascribimus
284 1837 416 1915 graves
434 1843 502 1897 tues
514 1833 662 1896 Bembini
681 1834 869 1914 scripturam
882 1831 1057 1912 significare

82 1936 289 2005 gravescens
318 1927 528 1991 Baehrensius
557 1929 659 2008 vidit):
692 1927 807 2010 dignus
835 1945 927 1989 amor
955 1925 1055 1998 veniit,

81 2030 207 2100 gramm
226 2023 258 2086 si
274 2032 403 2087 tartara
415 2033 541 2087 nossent
550 2032 711 2103 peccamen
728 2021 906 2085 meminisse
912 2030 1056 2103 gravest.

84 2131 130 2178 vos
156 2116 230 2178 sede
254 2117 397 2198 piorum,
427 2137 483 2179 vos
508 2127 616 2181 manet
636 2118 767 2181 heroum
796 2126 905 2180 contra
934 2135 1056 2179 manus.

83 2225 179 2291 etque,
202 2227 236 2274 ut
255 2210 288 2274 id
308 2211 546 2295 praecipiamus,
567 2229 639 2294 post
652 2223 796 2296 gravest,
823 2212 887 2275 sive
906 2231 962 2274 vos
983 2229 1055 2272 cum

83 2304 239 2367 codicibus
259 2306 324 2369 sive
344 2327 401 2372 nes
413 2309 617 2371 scribendum
637 2326 693 2383 est,
717 2323 846 2390 apparet
858 2327 975 2369 novam
989 2325 1057 2368 rem

81 2396 232 2479 incohari;
252 2403 292 2464 de
313 2422 376 2484 qua
400 2404 556 2486 deinceps.
590 2424 674 2466 nunc
695 2425 731 2467 ea
745 2403 842 2466 verba
854 2401 1057 2484 inspiciamus

80 2510 156 2573 quae
187 2494 254 2558 sine
284 2498 484 2563 distinctione
515 2499 657 2581 apposui,
687 2517 814 2581 sperans
845 2498 913 2560 fore
937 2514 972 2559 ut
1001 2496 1057 2578 qui

79 2586 153 2652 haec
177 2591 283 2672 legant
308 2593 451 2674 plerique
477 2595 581 2659 statim
605 2614 712 2658 veram
743 2594 930 2657 sententiam
957 2612 1056 2673 agno-

77 2700 169 2749 scant.
211 2705 286 2748 nam
311 2687 343 2749 in
369 2688 418 2750 his
438 2707 534 2752 nemo
556 2690 675 2752 haeret:
706 2689 820 2772 dignus
839 2709 931 2751 amor
949 2686 1056 2749 veneis:

78 2798 184 2843 amore
209 2783 323 2844 erravit
345 2783 502 2865 Orpheus,
533 2800 697 2865 peccatum
728 2785 843 2847 amoris
867 2781 1055 2864 placabilem

79 2875 192 2940 habere
205 2876 285 2940 solet
298 2877 378 2939 iram
393 2878 540 2957 amantis,
563 2877 614 2942 dic
633 2879 714 2943 enz'iei
730 2877 891 2960 qnidseci,
912 2876 976 2939 nisi
993 2895 1055 2938 nen

77 2970 230 3051 mpteeeter
262 2972 391 3036 amavi?
430 2974 562 3038 crimine
594 2984 623 3037 te
647 2975 740 3056 potui
770 2973 958 3037 demeruisse
986 2992 1054 3034 meo

79 3065 177 3144 (ovid.
200 3067 264 3131 her.
287 3087 315 3148 2,
336 3071 392 3150 27).
433 3086 527 3153 atque
549 3071 594 3134 sic
614 3071 771 3152 Vergilius
792 3089 930 3151 quoque,
957 3085 1053 3147 quem

81 3176 111 3223 ut
127 3177 233 3244 aperte
253 3181 310 3244 per
322 3179 426 3227 totum
440 3166 480 3228 de
495 3167 627 3247 Orpheo
647 3169 763 3244 locum,
783 3165 838 3227 sed
859 3180 893 3226 ut
908 3163 1053 3226 consulto

82 3254 227 3320 dictiones
256 3261 296 3320 ab
331 3280 371 3322 eo
401 3276 564 3343 usurpatas
595 3262 703 3341 evitet,
732 3261 774 3323 ita
805 3260 855 3322 hic
885 3258 1053 3340 praecipue

84 3352 198 3432 respicit
226 3352 293 3432 ille,
328 3355 452 3435 pridem
481 3356 665 3436 attulerunt,
699 3375 806 3438 georg.
830 3376 865 3436 4,
894 3357 952 3435 487
982 3373 1052 3418 enm

86 3443 174 3510 subin
198 3447 358 3511 incautum
383 3448 536 3514 dementiis
564 3451 644 3532 cepit
670 3461 836 3526 amantem,
865 3452 1053 3534 e'gnoscenda

89 3538 205 3618 turbere,
229 3541 348 3610 scirent
362 3544 395 3609 si
412 3545 570 3627 ignescere
589 3567 705 3610 inanes
752 3549 808 3610 sed
829 3565 975 3628 quaeest
996 3551 1052 3613 ista
