2370 4072
452 169 636 216 rmnrnrro
996 193 1029 236 2,

14 416 28 425 ,
48 350 226 412 audacibus
257 351 444 413 correcturis
473 349 695 431 interpolatam
729 371 833 432 neque
863 353 1033 434 quicquam

10 446 16 529 J
52 444 127 506 utile
155 447 286 526 praebet
309 461 432 526 praeter
456 444 664 523 coniecturas3
698 445 809 507 sedin
835 447 944 509 ultima
967 468 1033 510 car·

10 544 15 551 “
49 538 145 600 minis
179 555 268 621 parte
289 540 448 621 exemplar
468 539 535 601 eius
554 541 672 602 variam
693 540 861 603 lectionem
888 541 1033 605 habuisse

10 638 17 719 ᾗ
49 634 177 697 videtur
202 655 241 696 ex
265 633 442 715 fragmento
467 634 584 697 codicis
610 655 696 697 nunc
725 636 830 697 amissi
859 638 1033 718 ascriptam,

45 748 112 810 qua
134 729 174 790 de
196 749 230 791 re
248 728 430 810 explicatius
451 728 600 791 disseram
620 730 660 792 ad
679 751 708 791 v.
726 731 790 793 318.

128 823 183 884 Me
213 823 253 886 ad
283 843 410 886 carmen
435 823 474 885 de
501 824 600 886 culice
630 825 803 887 accuratius
836 825 1033 888 tractandum

47 937 117 980 non
130 917 230 979 virtus
244 934 356 999 poetae
369 919 496 998 allicuit,
515 920 572 982 etsi
586 922 677 1001 plura
691 919 723 981 in
739 940 778 983 eo
792 920 948 981 laudanda
961 937 1034 983 sunt

46 1033 149 1094 quam
169 1012 351 1076 criticorum
371 1015 467 1077 fastus
486 1015 660 1078 concedere
674 1016 762 1092 solet,
783 1014 847 1087 sed,
868 1031 903 1077 ut
923 1016 1034 1078 accidit

46 1107 233 1190 philologis,
245 1108 412 1170 difficultas
423 1110 577 1172 sermonis
588 1126 618 1173 et
628 1109 810 1190 proprietas.
825 1130 898 1171 sane
910 1110 1033 1171 nullum

48 1204 128 1266 novi
150 1222 277 1264 carmen
297 1202 430 1264 latinum
451 1204 539 1285 quod
560 1203 599 1266 ad
614 1204 862 1285 intellegendum
876 1203 1035 1265 difficilius

45 1299 97 1374 sit,
119 1298 187 1359 non
207 1297 277 1378 ipso
299 1299 464 1379 Propertio
486 1315 628 1381 excepto,
653 1299 742 1361 cuius
767 1318 841 1360 sane
862 1297 1035 1361 obscuritas

44 1413 159 1455 causas
190 1394 284 1455 habet
314 1393 451 1455 multum
476 1414 494 1455 a
519 1394 639 1456 Culicis
670 1394 858 1456 obscuritate
885 1393 1035 1468 diversas;

42 1488 140 1550 cuius
171 1502 282 1550 auctor
308 1503 343 1550 ttt
373 1504 450 1570 erat
466 1489 558 1569 inops
587 1491 759 1551 verborum
791 1487 1035 1550 laboriosissime

45 1584 146 1644 verba
161 1582 263 1663 elegit,
278 1582 484 1645 audacissime
495 1583 684 1664 composuit,
699 1583 864 1645 artificiose
878 1582 1033 1663 figuravit.

47 1675 244 1758 proprietate
258 1692 363 1738 autem
381 1678 535 1740 sermonis
549 1679 645 1760 longe
660 1678 751 1740 distat
765 1697 782 1738 a
797 1678 919 1758 magnis
932 1677 1032 1758 poetis

44 1788 78 1835 et
99 1772 276 1834 litterarum
298 1771 549 1835 dominatoribus
570 1773 639 1852 illis,
661 1772 716 1854 qui
737 1772 769 1833 in
790 1769 912 1850 fastigio
930 1769 1032 1831 latini-

44 1867 119 1930 tatis
144 1866 239 1947 positi
263 1867 323 1929 soli
346 1867 441 1930 latine
466 1868 556 1948 loqui
580 1866 765 1930 hominibus
789 1863 1032 1946 elegantioribus

44 1962 210 2039 videntum
240 1962 292 2024 ille
322 1962 423 2024 aliena
453 1964 548 2025 habet
574 1983 591 2024 a
616 1961 739 2043 poetica
759 1960 939 2030 ,urbanitate
965 1980 1031 2022 non

44 2057 198 2137 pauciora
212 2077 307 2138 quam
321 2078 339 2119 a
352 2057 489 2138 pedestri
502 2057 678 2119 urbanitate
688 2057 797 2119 Varro.
837 2055 911 2116 artis
924 2071 1030 2117 autem

43 2166 124 2213 cura
154 2167 185 2214 et
214 2150 375 2213 severitate
405 2152 588 2215 antecedere
618 2152 763 2214 studebat
789 2151 883 2213 etiam
908 2150 1030 2212 nobiles

47 2259 165 2324 poetas,
185 2261 221 2307 ut
240 2246 423 2328 Lygdamus
442 2247 547 2329 ipsum
562 2247 737 2324 Tibullum,
759 2246 918 2309 doctrinae
937 2246 1030 2307 variis

47 2337 147 2419 copiis
175 2356 323 2402 ornatum
347 2357 382 2403 ut
405 2342 583 2423 splenderet
608 2362 689 2423 opus
713 2342 874 2404 sollertem
900 2360 1030 2420 operam

10 2480 14 2517 ,
51 2433 151 2497 dabat.
182 2435 275 2497 nobis
294 2452 385 2513 certe,
407 2437 463 2518 qui
476 2457 542 2500 non
554 2456 694 2498 summas
712 2451 834 2498 tantum
855 2434 910 2496 sed
924 2434 1030 2496 inferi-

10 2524 14 2555 *
50 2547 118 2591 ores
139 2549 269 2611 quoque
290 2530 465 2594 litterarum
489 2532 634 2613 regiones
656 2531 837 2612 perquirere
857 2529 1028 2606 studemus,

54 2624 155 2704 magni
175 2625 267 2705 pretii
287 2642 333 2689 est
352 2627 408 2689 iste
422 2627 541 2709 ingenii
555 2625 733 2701 mediocris,
754 2624 852 2685 animi
872 2623 1028 2704 diligentis

54 2715 167 2781 fructus
188 2740 226 2781 ex
247 2721 366 2803 ingenti
379 2722 489 2784 talium
504 2723 633 2783 lusunm
647 2719 738 2802 copia
750 2734 902 2794 servatus;
924 2735 1028 2781 osten-

10 2866 17 2895 ,
53 2811 93 2874 dit
112 2815 199 2876 enim
221 2832 337 2896 quanta
360 2832 425 2879 arte
450 2816 544 2878 etiam
568 2815 750 2877 ludentibus
775 2818 855 2893 opus
883 2813 1027 2875 fueritin

10 2898 18 2993 ξ
52 2905 103 2970 ista
122 2909 196 2971 artis
217 2911 409 2991 perfectione
436 2927 467 2974 et
491 2911 600 2992 gloria.
640 2929 751 2972 verum
774 2924 809 2970 ut
829 2926 955 2968 carmen
977 2907 1026 2968 edi

10 2996 17 3049 l
50 3004 126 3066 solet
145 3005 268 3067 levibus
289 3006 475 3068 coniecturis
493 3005 685 3087 perpolitum
707 3019 736 3065 et
757 3001 936 3082 levigatum,
957 3022 1027 3063 om-

10 3106 12 3113 '
50 3117 120 3160 nem
144 3099 210 3162 fere
235 3100 370 3181 perdidit
394 3101 555 3182 propriam
581 3099 731 3162 indolem.
773 3116 887 3177 nempe
914 3094 1026 3159 indea

46 3194 172 3257 saeculo
184 3195 255 3257 XV.
277 3215 376 3277 usque
397 3195 437 3258 ad
455 3195 663 3258 novissimum
678 3193 832 3256 editorem
853 3192 892 3253 de
906 3191 1025 3272 Vergili

45 3288 238 3351 carminibus
268 3291 391 3372 egregie
421 3290 569 3352 meritum
594 3288 793 3370 interpolatio
818 3285 977 3348 arbitraria
1006 3307 1024 3348 a

43 3385 117 3447 viris
149 3385 251 3448 doctis
276 3401 306 3447 et
330 3385 517 3448 doctissimis
542 3403 670 3466 quoque
700 3382 840 3463 profecta
862 3381 1022 3463 pristinam

41 3481 191 3544 carminis
210 3480 347 3560 speciem
361 3481 477 3543 fucavit
497 3497 527 3543 et
547 3478 743 3542 oblitteravit.
781 3477 847 3559 ipse
868 3476 1023 3557 Hauptius
