2528 4202
398 331 443 378 AD
457 331 484 380 V.
498 335 602 391 318-319
892 327 894 332 '
952 351 989 411 97

25 510 154 574 remedio
180 531 256 574 usus
284 512 323 574 sit
348 511 492 575 librarius
517 513 570 576 ille
597 531 663 593 quo
693 511 726 574 in
755 512 895 576 versibus
926 514 990 577 istis

25 607 190 684 sarciendis,
216 607 334 689 quippe
355 607 411 688 qui
431 627 468 670 ex
488 629 516 668 v.
532 608 588 687 307
609 607 782 671 accessierit
807 608 860 672 illa
880 607 990 692 Sigea-
1076 617 1081 628 '

25 723 71 782 que
83 711 224 784 praeter.
265 704 407 766 abstineo
428 704 551 766 duabus
571 704 611 766 de
631 703 741 767 causis.
786 704 926 785 primum
946 719 992 767 at-

25 813 142 861 trectare
156 818 223 861 non
237 798 341 862 audeo
355 819 383 861 v.
400 798 456 878 319
476 797 662 880 tegmbtt'ltus
676 797 803 880 telasque
816 799 835 860 i.
850 819 877 862 e.
897 799 991 861 armis

25 894 189 974 tegentibus
210 908 241 956 et
260 893 447 957 nocentibus
471 894 520 973 (cf.
535 913 561 956 e.
574 914 604 975 g.
621 892 728 957 Livius
746 915 769 972 r,
788 894 837 974 43,
857 913 875 955 2
896 913 992 957 arma

25 985 64 1050 lis
81 989 237 1070 imperata
251 987 351 1070 galea
370 987 500 1068 clipeum
513 1007 623 1052 ocreae
636 986 745 1062 lorz’ca,
765 997 802 1052 ut
817 997 993 1070 tegumenta

26 1082 152 1164 corpores
174 1091 288 1157 essent,·
317 1081 378 1145 tela
408 1082 440 1145 in
469 1081 587 1146 hostem
612 1081 765 1164 hastaque
787 1094 820 1147 et
834 1081 992 1167 gladitu);

27 1178 127 1256 quodsi
146 1177 307 1240 Bemburn
331 1177 532 1258 potissimum
555 1178 655 1240 secuti
681 1178 779 1242 edunt
798 1179 924 1262 apicibus
942 1180 994 1244 hic

27 1273 169 1355 udoque
193 1282 296 1353 asper,
321 1272 368 1348 [si
388 1271 539 1336 classibus
560 1273 684 1355 Argos]
708 1273 845 1354 eriperet
865 1274 992 1349 redt'taes,

28 1367 91 1430 nihil
119 1367 187 1430 vidi
214 1367 367 1444 licentius,
398 1387 464 1430 non
495 1368 527 1429 in
556 1369 778 1450 supplemento
808 1369 897 1450 quod
927 1390 993 1433 non

29 1461 167 1543 vitupero,
194 1462 306 1524 sedin
330 1463 562 1524 vocabulorum
593 1463 781 1542 mutatione3
814 1465 890 1529 defit
919 1484 992 1527 sane

30 1555 94 1618 alter
119 1558 176 1639 qui
203 1558 392 1639 respondeat
417 1558 506 1621 alteri
528 1579 556 1620 v.
578 1559 648 1637 320,
681 1557 737 1621 sed
766 1559 857 1640 plura
881 1559 994 1623 desunt

30 1665 51 1710 et
84 1667 333 1716 consentaneum
376 1669 421 1715 est
461 1653 581 1716 maiora
620 1672 716 1733 quam
758 1653 804 1716 illi
844 1658 995 1735 putabant

31 1746 137 1809 ruinam
167 1748 248 1810 haec
277 1749 417 1811 turbasse
452 1763 482 1810 et
515 1747 714 1814 deminuisse.
768 1748 902 1812 alterum
932 1750 994 1812 hoc

32 1858 75 1904 est:
102 1843 131 1906 si.
148 1844 206 1905 318
228 1843 376 1906 Bembini
405 1860 436 1907 et
463 1843 659 1926 reliquorum
689 1844 804 1924 quibus
834 1843 993 1905 confidere

33 1935 86 1999 licet
125 1939 274 2002 codicum
311 1939 464 2021 scriptura
500 1937 698 2021 (staminibus
742 1936 838 2000 veluti
867 1939 994 2019 fragor

32 2032 141 2097 aedibus
159 2034 194 2097 in
213 2041 261 2109 se)
286 2033 327 2096 ad
347 2035 442 2098 talem
465 2033 638 2097 sententiae
663 2032 801 2114 speciem
821 2032 993 2113 perducere

33 2125 151 2191 videtur:
166 2127 363 2208 ficlmiatibus
381 2128 613 2208 velutifragor
631 2125 877 2190 escendentibus
896 2127 928 2190 in
948 2147 995 2202 se,-

35 2221 74 2281 sed
92 2243 189 2304 quam
211 2223 384 2287 Vossianus
407 2223 593 2304 scripturam
619 2222 746 2284 exhibet
759 2222 887 2305 fragor
911 2230 958 2283 est
974 2243 996 2285 a

36 2316 136 2380 urbiam
155 2318 233 2392 nese,
254 2338 292 2381 ea
305 2317 556 2399 interpolationis
568 2317 780 2398 suspicionem
793 2336 860 2378 non
875 2331 995 2394 movet;

35 2422 108 2490 atque
141 2413 232 2494 quod
262 2412 379 2476 nefarie
413 2412 638 2493 interpolatum
667 2412 752 2474 hunc
781 2411 899 2473 librum
929 2431 996 2474 esse

35 2508 145 2568 sescenti
171 2508 235 2570 loci
260 2509 389 2583 docent,
415 2509 481 2572 eius
507 2523 613 2570 tamen
642 2505 765 2587 generis
795 2505 996 2586 interpolatio

36 2615 73 2675 est,
91 2619 125 2662 ur
182 2623 275 2664 nsunt
297 2604 436 2685 aliquem
449 2602 624 2666 adulterina
640 2599 734 2662 lectio
748 2615 891 2680 praestet,
910 2602 996 2663 velut

36 2707 63 2748 u*
230 2701 239 2741 ³
263 2697 405 2760 falsarius
425 2697 547 2779 scripsit
566 2707 648 2778 pars
666 2693 739 2758 hue
759 2704 841 2775 pars
866 2693 1048 2759 destinatas

252 2809 357 2855 tamen
381 2793 467 2855 idern
491 2793 581 2856 locus
605 2789 735 2871 insignis
760 2803 805 2850 est
830 2807 894 2850 una
914 2805 996 2852 certe

249 2888 295 2950 ius
321 2887 386 2948 vim
413 2903 444 2950 et
462 2887 625 2950 veritatem
647 2884 805 2960 infirmare
827 2901 922 2944 nemo
942 2905 996 2945 va-

237 3003 259 3044 α
279 2983 457 3065 Charybdis
476 3003 505 3043 v.
517 2982 583 3057 332,
604 2995 700 3061 quam
712 2975 903 3042 Zanclaeam
930 2992 1048 3069 esse-stt

241 3075 318 3140 vidit
349 3078 484 3152 (emend.
510 3097 547 3157 p.·
560 3075 598 3137 26
620 3094 676 3154 sq„
706 3071 873 3154 conferens
902 3071 998 3134 Ovidi
1110 3074 1113 3078 ’

198 3200 212 3250 J
244 3188 274 3234 et
302 3173 380 3235 trist.
406 3176 431 3251 5,
456 3191 484 3249 2,
504 3171 566 3250 73};
596 3189 658 3251 qua
689 3167 728 3229 de
757 3165 919 3246 scriptura.
935 3186 1020 3228 nec-

183 3284 266 3333 recte
293 3267 441 3332 iudicavit
466 3271 506 3348 (p.
521 3267 588 3345 291)
620 3281 723 3344 neque
754 3260 810 3341 qui
838 3261 998 3341 graviores

237 3363 353 3445 'pturas
374 3362 540 3442 diligenter
563 3357 720 3443 congessit
739 3354 998 3417 Hildebrandtius

230 3477 277 3520 ex
302 3457 374 3536 1887
399 3477 430 3538 p.
449 3458 507 3536 42).
524 3512 527 3518 ,
548 3453 611 3516 illic
626 3448 798 3514 'memenda
821 3447 1000 3531 Charybdis

211 3574 230 3617 o
257 3567 303 3615 est
324 3551 506 3631 ceterisque,
533 3545 787 3610 murmurantia
812 3559 999 3622 enumerat,

195 3683 204 3711 ι
227 3664 409 3728 corruptam
435 3659 469 3705 ut
489 3658 535 3706 est
551 3640 698 3704 librarius
719 3640 924 3722 interpolator
944 3660 1000 3721 po

829 3769 844 3824 7
