<?xml version="1.0" encoding="UTF-8"?>
<!DOCTYPE html PUBLIC "-//W3C//DTD XHTML 1.0 Transitional//EN"
    "http://www.w3.org/TR/xhtml1/DTD/xhtml1-transitional.dtd">
<html xmlns="http://www.w3.org/1999/xhtml" xml:lang="en" lang="en">
 <head>
  <title>
</title>
<meta http-equiv="Content-Type" content="text/html;charset=utf-8" />
  <meta name='ocr-system' content='tesseract 3.04.00' />
  <meta name='ocr-capabilities' content='ocr_page ocr_carea ocr_par ocr_line ocrx_word'/>
</head>
<body>
  <div class='ocr_page' id='page_1' title='image "./cvlexcarmenverg00verggoog_0021.png"; bbox 0 0 2536 4200; ppageno 0'>
   <div class='ocr_carea' id='block_1_1' title="bbox 305 307 817 368">
    <p class='ocr_par' dir='ltr' id='par_1_1' title="bbox 305 307 817 368">
     <span class='ocr_line' id='line_1_1' title="bbox 305 307 817 368; baseline 0 -14"><span class='ocrx_word' id='word_1_1' title='bbox 305 326 337 368; x_wconf 73' lang='lat'><strong>12</strong></span> <span class='ocrx_word' id='word_1_2' title='bbox 712 307 817 354; x_wconf 78' lang='lat' dir='ltr'><strong>cvtax</strong></span> 
     </span>
    </p>
   </div>
   <div class='ocr_carea' id='block_1_2' title="bbox 184 488 1232 3223">
    <p class='ocr_par' dir='ltr' id='par_1_2' title="bbox 184 488 1232 3280">
     <span class='ocr_line' id='line_1_2' title="bbox 302 488 1183 572; baseline 0.001 -20"><span class='ocrx_word' id='word_1_3' title='bbox 302 494 525 570; x_wconf 80' lang='lat' dir='ltr'><strong>Aetnaeusque</strong></span> <span class='ocrx_word' id='word_1_4' title='bbox 547 488 695 570; x_wconf 87' lang='lat' dir='ltr'><strong>Cyclops,</strong></span> <span class='ocrx_word' id='word_1_5' title='bbox 716 489 807 550; x_wconf 90' lang='lat' dir='ltr'><strong>illum</strong></span> <span class='ocrx_word' id='word_1_6' title='bbox 828 489 981 551; x_wconf 84' lang='lat' dir='ltr'><strong>Zanclaea</strong></span> <span class='ocrx_word' id='word_1_7' title='bbox 1001 490 1183 572; x_wconf 90' lang='lat' dir='ltr'><strong>Charybdis</strong></span> 
     </span>
     <span class='ocr_line' id='line_1_3' title="bbox 301 582 1136 666; baseline 0.001 -20"><span class='ocrx_word' id='word_1_8' title='bbox 301 585 518 666; x_wconf 87' lang='lat' dir='ltr'><strong>pallentesque</strong></span> <span class='ocrx_word' id='word_1_9' title='bbox 538 585 624 646; x_wconf 89' lang='lat' dir='ltr'><strong>lacus</strong></span> <span class='ocrx_word' id='word_1_10' title='bbox 646 599 676 646; x_wconf 93' lang='lat' dir='ltr'><strong>et</strong></span> <span class='ocrx_word' id='word_1_11' title='bbox 694 582 838 663; x_wconf 90' lang='lat' dir='ltr'><strong>squalida</strong></span> <span class='ocrx_word' id='word_1_12' title='bbox 858 582 988 646; x_wconf 85' lang='lat' dir='ltr'><strong>Tartara</strong></span> <span class='ocrx_word' id='word_1_13' title='bbox 1007 599 1136 648; x_wconf 89' lang='lat' dir='ltr'><strong>terrent.</strong></span> 
     </span>
     <span class='ocr_line' id='line_1_4' title="bbox 302 678 1069 759; baseline 0.001 -19"><span class='ocrx_word' id='word_1_14' title='bbox 302 680 353 742; x_wconf 94' lang='lat' dir='ltr'><strong>hic</strong></span> <span class='ocrx_word' id='word_1_15' title='bbox 374 694 404 742; x_wconf 92' lang='lat' dir='ltr'><strong>et</strong></span> <span class='ocrx_word' id='word_1_16' title='bbox 423 680 594 741; x_wconf 82' lang='lat' dir='ltr'><strong>Tantaleae</strong></span> <span class='ocrx_word' id='word_1_17' title='bbox 615 679 810 759; x_wconf 73' lang='lat' dir='ltr'><strong>generamen‘</strong></span> <span class='ocrx_word' id='word_1_18' title='bbox 826 678 924 758; x_wconf 84' lang='lat' dir='ltr'><strong>prolis</strong></span> <span class='ocrx_word' id='word_1_19' title='bbox 943 679 1069 741; x_wconf 88' lang='lat' dir='ltr'>Atrides</span> 
     </span>
     <span class='ocr_line' id='line_1_5' title="bbox 235 772 1136 856; baseline -0.001 -19"><span class='ocrx_word' id='word_1_20' title='bbox 235 793 274 838; x_wconf 73' lang='lat' dir='ltr'><strong>aas</strong></span> <span class='ocrx_word' id='word_1_21' title='bbox 303 775 433 851; x_wconf 88' lang='lat' dir='ltr'><strong>adsidet,</strong></span> <span class='ocrx_word' id='word_1_22' title='bbox 453 772 610 854; x_wconf 89' lang='lat' dir='ltr'><strong>Argivum</strong></span> <span class='ocrx_word' id='word_1_23' title='bbox 630 775 749 850; x_wconf 87' lang='lat' dir='ltr'><strong>lumen,</strong></span> <span class='ocrx_word' id='word_1_24' title='bbox 770 791 836 854; x_wconf 91' lang='lat' dir='ltr'><strong>quo</strong></span> <span class='ocrx_word' id='word_1_25' title='bbox 856 773 985 836; x_wconf 88' lang='lat' dir='ltr'><strong>flamma</strong></span> <span class='ocrx_word' id='word_1_26' title='bbox 1004 790 1136 856; x_wconf 89' lang='lat' dir='ltr'><strong>regente</strong></span> 
     </span>
     <span class='ocr_line' id='line_1_6' title="bbox 302 865 1099 947; baseline 0.003 -17"><span class='ocrx_word' id='word_1_27' title='bbox 302 869 396 930; x_wconf 93' lang='lat' dir='ltr'><strong>Doris</strong></span> <span class='ocrx_word' id='word_1_28' title='bbox 416 867 636 930; x_wconf 71' lang='lat' dir='ltr'><strong>Erichthonius</strong></span> <span class='ocrx_word' id='word_1_29' title='bbox 655 865 822 947; x_wconf 88' lang='lat' dir='ltr'><strong>prostravit</strong></span> <span class='ocrx_word' id='word_1_30' title='bbox 842 867 984 930; x_wconf 85' lang='lat' dir='ltr'><strong>funditus</strong></span> <span class='ocrx_word' id='word_1_31' title='bbox 1003 888 1099 932; x_wconf 87' lang='lat' dir='ltr'><strong>arces.</strong></span> 
     </span>
     <span class='ocr_line' id='line_1_7' title="bbox 302 960 1169 1043; baseline 0.001 -18"><span class='ocrx_word' id='word_1_32' title='bbox 302 963 446 1040; x_wconf 88' lang='lat' dir='ltr'><strong>reddidit,</strong></span> <span class='ocrx_word' id='word_1_33' title='bbox 468 963 541 1040; x_wconf 90' lang='lat' dir='ltr'><strong>heu,</strong></span> <span class='ocrx_word' id='word_1_34' title='bbox 563 961 677 1024; x_wconf 87' lang='lat' dir='ltr'><strong>Graius</strong></span> <span class='ocrx_word' id='word_1_35' title='bbox 698 980 817 1040; x_wconf 89' lang='lat' dir='ltr'><strong>poenas</strong></span> <span class='ocrx_word' id='word_1_36' title='bbox 836 960 902 1040; x_wconf 88' lang='lat' dir='ltr'><strong>tibi,</strong></span> <span class='ocrx_word' id='word_1_37' title='bbox 923 961 1031 1038; x_wconf 90' lang='lat' dir='ltr'><strong>Troia,</strong></span> <span class='ocrx_word' id='word_1_38' title='bbox 1051 964 1169 1043; x_wconf 91' lang='lat' dir='ltr'><strong>ruenti,</strong></span> 
     </span>
     <span class='ocr_line' id='line_1_8' title="bbox 302 1055 1011 1138; baseline -0.003 -18"><span class='ocrx_word' id='word_1_39' title='bbox 302 1056 563 1138; x_wconf 87' lang='lat' dir='ltr'><strong>Hellespontiacis</strong></span> <span class='ocrx_word' id='word_1_40' title='bbox 584 1056 729 1119; x_wconf 90' lang='lat' dir='ltr'><strong>obiturus</strong></span> <span class='ocrx_word' id='word_1_41' title='bbox 748 1055 886 1118; x_wconf 91' lang='lat' dir='ltr'><strong>reddidit</strong></span> <span class='ocrx_word' id='word_1_42' title='bbox 908 1057 1011 1118; x_wconf 91' lang='lat' dir='ltr'><strong>undis.</strong></span> 
     </span>
     <span class='ocr_line' id='line_1_9' title="bbox 302 1151 1153 1232; baseline -0.001 -17"><span class='ocrx_word' id='word_1_43' title='bbox 302 1153 355 1215; x_wconf 92' lang='lat' dir='ltr'><strong>illa</strong></span> <span class='ocrx_word' id='word_1_44' title='bbox 374 1153 458 1214; x_wconf 88' lang='lat' dir='ltr'><strong>vices</strong></span> <span class='ocrx_word' id='word_1_45' title='bbox 478 1151 647 1214; x_wconf 90' lang='lat' dir='ltr'><strong>hominum</strong></span> <span class='ocrx_word' id='word_1_46' title='bbox 667 1165 776 1213; x_wconf 90' lang='lat' dir='ltr'><strong>testata</strong></span> <span class='ocrx_word' id='word_1_47' title='bbox 797 1167 842 1212; x_wconf 91' lang='lat' dir='ltr'><strong>est</strong></span> <span class='ocrx_word' id='word_1_48' title='bbox 863 1151 954 1231; x_wconf 92' lang='lat' dir='ltr'><strong>copia</strong></span> <span class='ocrx_word' id='word_1_49' title='bbox 975 1151 1153 1232; x_wconf 89' lang='lat' dir='ltr'><strong>quondam,</strong></span> 
     </span>
     <span class='ocr_line' id='line_1_10' title="bbox 235 1245 1140 1328; baseline -0.002 -18"><span class='ocrx_word' id='word_1_50' title='bbox 235 1266 275 1310; x_wconf 80' lang='lat' dir='ltr'><strong>ato</strong></span> <span class='ocrx_word' id='word_1_51' title='bbox 301 1266 341 1308; x_wconf 91' lang='lat' dir='ltr'><strong>ne</strong></span> <span class='ocrx_word' id='word_1_52' title='bbox 362 1246 530 1328; x_wconf 91' lang='lat' dir='ltr'><strong>quisquam</strong></span> <span class='ocrx_word' id='word_1_53' title='bbox 550 1246 695 1328; x_wconf 91' lang='lat' dir='ltr'><strong>propriae</strong></span> <span class='ocrx_word' id='word_1_54' title='bbox 716 1245 876 1308; x_wconf 89' lang='lat' dir='ltr'><strong>Fortunae</strong></span> <span class='ocrx_word' id='word_1_55' title='bbox 896 1266 1028 1309; x_wconf 90' lang='lat' dir='ltr'><strong>munere</strong></span> <span class='ocrx_word' id='word_1_56' title='bbox 1049 1245 1140 1308; x_wconf 85' lang='lat' dir='ltr'><strong>dives</strong></span> 
     </span>
     <span class='ocr_line' id='line_1_11' title="bbox 301 1340 1131 1423; baseline 0.001 -21"><span class='ocrx_word' id='word_1_57' title='bbox 301 1341 359 1404; x_wconf 94' lang='lat' dir='ltr'><strong>iret</strong></span> <span class='ocrx_word' id='word_1_58' title='bbox 378 1341 537 1404; x_wconf 87' lang='lat' dir='ltr'><strong>inevectus</strong></span> <span class='ocrx_word' id='word_1_59' title='bbox 558 1342 680 1403; x_wconf 91' lang='lat' dir='ltr'><strong>caelum</strong></span> <span class='ocrx_word' id='word_1_60' title='bbox 700 1359 809 1420; x_wconf 91' lang='lat' dir='ltr'><strong>super:</strong></span> <span class='ocrx_word' id='word_1_61' title='bbox 830 1359 926 1402; x_wconf 89' lang='lat' dir='ltr'><strong>omne</strong></span> <span class='ocrx_word' id='word_1_62' title='bbox 945 1340 1131 1423; x_wconf 92' lang='lat' dir='ltr'><strong>propinquo</strong></span> 
     </span>
     <span class='ocr_line' id='line_1_12' title="bbox 302 1435 1102 1520; baseline -0.003 -22"><span class='ocrx_word' id='word_1_63' title='bbox 302 1436 456 1518; x_wconf 84' lang='lat' dir='ltr'><strong>frangitur</strong></span> <span class='ocrx_word' id='word_1_64' title='bbox 476 1436 611 1498; x_wconf 90' lang='lat' dir='ltr'><strong>invidiae</strong></span> <span class='ocrx_word' id='word_1_65' title='bbox 631 1437 694 1497; x_wconf 92' lang='lat' dir='ltr'><strong>telo</strong></span> <span class='ocrx_word' id='word_1_66' title='bbox 716 1435 821 1498; x_wconf 88' lang='lat' dir='ltr'><strong>decus.</strong></span> <span class='ocrx_word' id='word_1_67' title='bbox 861 1435 931 1520; x_wconf 18' lang='lat' dir='ltr'><strong>ibat·</strong></span> <span class='ocrx_word' id='word_1_68' title='bbox 948 1436 981 1496; x_wconf 92' lang='lat' dir='ltr'><strong>in</strong></span> <span class='ocrx_word' id='word_1_69' title='bbox 1002 1437 1102 1498; x_wconf 91' lang='lat' dir='ltr'><strong>altum</strong></span> 
     </span>
     <span class='ocr_line' id='line_1_13' title="bbox 301 1530 1068 1613; baseline 0.001 -22"><span class='ocrx_word' id='word_1_70' title='bbox 301 1532 348 1594; x_wconf 89' lang='lat' dir='ltr'><strong>vis</strong></span> <span class='ocrx_word' id='word_1_71' title='bbox 367 1535 472 1613; x_wconf 89' lang='lat' dir='ltr'><strong>Argea</strong></span> <span class='ocrx_word' id='word_1_72' title='bbox 492 1547 600 1613; x_wconf 90' lang='lat' dir='ltr'><strong>petens</strong></span> <span class='ocrx_word' id='word_1_73' title='bbox 621 1531 754 1613; x_wconf 90' lang='lat' dir='ltr'><strong>patriam</strong></span> <span class='ocrx_word' id='word_1_74' title='bbox 774 1530 932 1612; x_wconf 91' lang='lat' dir='ltr'><strong>ditataque</strong></span> <span class='ocrx_word' id='word_1_75' title='bbox 953 1531 1068 1611; x_wconf 91' lang='lat' dir='ltr'><strong>praeda</strong></span> 
     </span>
     <span class='ocr_line' id='line_1_14' title="bbox 301 1626 1203 1704; baseline -0.001 -15"><span class='ocrx_word' id='word_1_76' title='bbox 301 1627 379 1689; x_wconf 86' lang='lat' dir='ltr'><strong>arcis</strong></span> <span class='ocrx_word' id='word_1_77' title='bbox 400 1626 639 1704; x_wconf 88' lang='lat' dir='ltr'><strong>Erichthoniae;</strong></span> <span class='ocrx_word' id='word_1_78' title='bbox 660 1645 767 1689; x_wconf 92' lang='lat' dir='ltr'><strong>comes</strong></span> <span class='ocrx_word' id='word_1_79' title='bbox 787 1626 862 1687; x_wconf 91' lang='lat' dir='ltr'><strong>huic</strong></span> <span class='ocrx_word' id='word_1_80' title='bbox 882 1640 947 1687; x_wconf 91' lang='lat' dir='ltr'><strong>erat</strong></span> <span class='ocrx_word' id='word_1_81' title='bbox 966 1644 1041 1686; x_wconf 91' lang='lat' dir='ltr'><strong>aura</strong></span> <span class='ocrx_word' id='word_1_82' title='bbox 1060 1629 1203 1689; x_wconf 85' lang='lat' dir='ltr'><strong>secunda</strong></span> 
     </span>
     <span class='ocr_line' id='line_1_15' title="bbox 236 1720 1116 1804; baseline 0.001 -23"><span class='ocrx_word' id='word_1_83' title='bbox 236 1737 275 1782; x_wconf 78' lang='lat' dir='ltr'><strong>att</strong></span> <span class='ocrx_word' id='word_1_84' title='bbox 301 1742 357 1804; x_wconf 91' lang='lat' dir='ltr'><strong>per</strong></span> <span class='ocrx_word' id='word_1_85' title='bbox 376 1723 537 1804; x_wconf 88' lang='lat' dir='ltr'><strong>placidum</strong></span> <span class='ocrx_word' id='word_1_86' title='bbox 558 1741 652 1784; x_wconf 88' lang='lat' dir='ltr'><strong>cursu</strong></span> <span class='ocrx_word' id='word_1_87' title='bbox 672 1722 817 1802; x_wconf 86' lang='lat' dir='ltr'><strong>pelagus;</strong></span> <span class='ocrx_word' id='word_1_88' title='bbox 838 1720 949 1782; x_wconf 90' lang='lat' dir='ltr'><strong>Nereis</strong></span> <span class='ocrx_word' id='word_1_89' title='bbox 970 1723 1009 1782; x_wconf 89' lang='lat' dir='ltr'><strong>ab</strong></span> <span class='ocrx_word' id='word_1_90' title='bbox 1030 1721 1116 1782; x_wconf 91' lang='lat' dir='ltr'><strong>unda</strong></span> 
     </span>
     <span class='ocr_line' id='line_1_16' title="bbox 300 1815 1101 1900; baseline -0.004 -21"><span class='ocrx_word' id='word_1_91' title='bbox 300 1819 389 1900; x_wconf 89' lang='lat' dir='ltr'><strong>signa</strong></span> <span class='ocrx_word' id='word_1_92' title='bbox 411 1819 512 1895; x_wconf 90' lang='lat' dir='ltr'><strong>dabat,</strong></span> <span class='ocrx_word' id='word_1_93' title='bbox 533 1837 605 1898; x_wconf 88' lang='lat' dir='ltr'><strong>pars</strong></span> <span class='ocrx_word' id='word_1_94' title='bbox 625 1815 747 1878; x_wconf 85' lang='lat' dir='ltr'><strong>inflexis</strong></span> <span class='ocrx_word' id='word_1_95' title='bbox 766 1834 862 1895; x_wconf 90' lang='lat' dir='ltr'><strong>super</strong></span> <span class='ocrx_word' id='word_1_96' title='bbox 884 1831 952 1877; x_wconf 88' lang='lat' dir='ltr'><strong>acta</strong></span> <span class='ocrx_word' id='word_1_97' title='bbox 972 1815 1101 1877; x_wconf 91' lang='lat' dir='ltr'><strong>carinis:</strong></span> 
     </span>
     <span class='ocr_line' id='line_1_17' title="bbox 301 1909 979 1975; baseline -0.007 0"><span class='ocrx_word' id='word_1_98' title='bbox 301 1933 376 1975; x_wconf 90' lang='lat' dir='ltr'><strong>cum</strong></span> <span class='ocrx_word' id='word_1_99' title='bbox 396 1933 452 1975; x_wconf 87' lang='lat' dir='ltr'><strong>seu</strong></span> <span class='ocrx_word' id='word_1_100' title='bbox 472 1912 596 1975; x_wconf 91' lang='lat' dir='ltr'><strong>caelesti</strong></span> <span class='ocrx_word' id='word_1_101' title='bbox 616 1912 681 1974; x_wconf 86' lang='lat' dir='ltr'><strong>fato</strong></span> <span class='ocrx_word' id='word_1_102' title='bbox 700 1930 756 1972; x_wconf 91' lang='lat' dir='ltr'><strong>seu</strong></span> <span class='ocrx_word' id='word_1_103' title='bbox 776 1909 886 1972; x_wconf 89' lang='lat' dir='ltr'><strong>sideris</strong></span> <span class='ocrx_word' id='word_1_104' title='bbox 907 1924 979 1971; x_wconf 90' lang='lat' dir='ltr'><strong>ortu</strong></span> 
     </span>
     <span class='ocr_line' id='line_1_18' title="bbox 302 2002 1076 2088; baseline -0.006 -20"><span class='ocrx_word' id='word_1_105' title='bbox 302 2008 444 2088; x_wconf 92' lang='lat' dir='ltr'><strong>undique</strong></span> <span class='ocrx_word' id='word_1_106' title='bbox 464 2022 603 2070; x_wconf 90' lang='lat' dir='ltr'><strong>mutatur</strong></span> <span class='ocrx_word' id='word_1_107' title='bbox 624 2006 703 2069; x_wconf 89' lang='lat' dir='ltr'><strong>caeli</strong></span> <span class='ocrx_word' id='word_1_108' title='bbox 722 2007 816 2084; x_wconf 88' lang='lat' dir='ltr'><strong>nitor,</strong></span> <span class='ocrx_word' id='word_1_109' title='bbox 837 2005 945 2067; x_wconf 92' lang='lat' dir='ltr'><strong>omnia</strong></span> <span class='ocrx_word' id='word_1_110' title='bbox 965 2002 1076 2076; x_wconf 89' lang='lat' dir='ltr'><strong>ventis,</strong></span> 
     </span>
     <span class='ocr_line' id='line_1_19' title="bbox 302 2097 1138 2178; baseline -0.008 -14"><span class='ocrx_word' id='word_1_111' title='bbox 302 2102 410 2164; x_wconf 90' lang='lat' dir='ltr'><strong>omnia</strong></span> <span class='ocrx_word' id='word_1_112' title='bbox 429 2102 608 2164; x_wconf 87' lang='lat' dir='ltr'><strong>turbinibus</strong></span> <span class='ocrx_word' id='word_1_113' title='bbox 628 2116 702 2162; x_wconf 91' lang='lat' dir='ltr'><strong>sunt</strong></span> <span class='ocrx_word' id='word_1_114' title='bbox 722 2101 827 2178; x_wconf 79' lang='lat' dir='ltr'><strong>anxia3</strong></span> <span class='ocrx_word' id='word_1_115' title='bbox 847 2100 910 2162; x_wconf 89' lang='lat' dir='ltr'><strong>iam</strong></span> <span class='ocrx_word' id='word_1_116' title='bbox 931 2097 1025 2160; x_wconf 90' lang='lat' dir='ltr'><strong>maris</strong></span> <span class='ocrx_word' id='word_1_117' title='bbox 1047 2097 1138 2158; x_wconf 87' lang='lat' dir='ltr'><strong>unda</strong></span> 
     </span>
     <span class='ocr_line' id='line_1_20' title="bbox 237 2195 1086 2277; baseline 0.001 -23"><span class='ocrx_word' id='word_1_118' title='bbox 237 2209 276 2254; x_wconf 77' lang='lat'><strong>350</strong></span> <span class='ocrx_word' id='word_1_119' title='bbox 302 2197 457 2260; x_wconf 89' lang='lat' dir='ltr'><strong>sideribus</strong></span> <span class='ocrx_word' id='word_1_120' title='bbox 478 2212 573 2259; x_wconf 87' lang='lat' dir='ltr'><strong>certat</strong></span> <span class='ocrx_word' id='word_1_121' title='bbox 593 2195 929 2277; x_wconf 83' lang='lat' dir='ltr'><strong>consurgere¹iamque</strong></span> <span class='ocrx_word' id='word_1_122' title='bbox 949 2213 1086 2275; x_wconf 87' lang='lat' dir='ltr'><strong>superne</strong></span> 
     </span>
     <span class='ocr_line' id='line_1_21' title="bbox 303 2288 1079 2373; baseline -0.005 -20"><span class='ocrx_word' id='word_1_123' title='bbox 303 2292 461 2373; x_wconf 88' lang='lat' dir='ltr'><strong>corripere</strong></span> <span class='ocrx_word' id='word_1_124' title='bbox 481 2307 512 2354; x_wconf 90' lang='lat' dir='ltr'><strong>et</strong></span> <span class='ocrx_word' id='word_1_125' title='bbox 531 2291 614 2352; x_wconf 90' lang='lat' dir='ltr'><strong>soles</strong></span> <span class='ocrx_word' id='word_1_126' title='bbox 635 2308 665 2352; x_wconf 92' lang='lat' dir='ltr'><strong>et</strong></span> <span class='ocrx_word' id='word_1_127' title='bbox 685 2291 787 2352; x_wconf 90' lang='lat' dir='ltr'><strong>sidera</strong></span> <span class='ocrx_word' id='word_1_128' title='bbox 807 2305 920 2353; x_wconf 90' lang='lat' dir='ltr'><strong>cuncta</strong></span> <span class='ocrx_word' id='word_1_129' title='bbox 939 2288 1079 2351; x_wconf 91' lang='lat' dir='ltr'><strong>minatur</strong></span> 
     </span>
     <span class='ocr_line' id='line_1_22' title="bbox 303 2384 1175 2466; baseline 0 -19"><span class='ocrx_word' id='word_1_130' title='bbox 303 2405 338 2447; x_wconf 91' lang='lat' dir='ltr'><strong>ac</strong></span> <span class='ocrx_word' id='word_1_131' title='bbox 359 2404 450 2446; x_wconf 89' lang='lat' dir='ltr'><strong>ruere</strong></span> <span class='ocrx_word' id='word_1_132' title='bbox 470 2384 503 2445; x_wconf 93' lang='lat' dir='ltr'><strong>in</strong></span> <span class='ocrx_word' id='word_1_133' title='bbox 523 2400 619 2447; x_wconf 91' lang='lat' dir='ltr'><strong>terras</strong></span> <span class='ocrx_word' id='word_1_134' title='bbox 640 2385 718 2447; x_wconf 92' lang='lat' dir='ltr'><strong>caeli</strong></span> <span class='ocrx_word' id='word_1_135' title='bbox 737 2385 852 2466; x_wconf 83' lang='lat' dir='ltr'><strong>fragor.</strong></span> <span class='ocrx_word' id='word_1_136' title='bbox 893 2384 944 2446; x_wconf 92' lang='lat' dir='ltr'><strong>hic</strong></span> <span class='ocrx_word' id='word_1_137' title='bbox 964 2384 1063 2446; x_wconf 94' lang='lat' dir='ltr'><strong>modo</strong></span> <span class='ocrx_word' id='word_1_138' title='bbox 1086 2385 1175 2447; x_wconf 86' lang='lat' dir='ltr'><strong>laeta</strong></span> 
     </span>
     <span class='ocr_line' id='line_1_23' title="bbox 303 2478 1071 2558; baseline -0.001 -18"><span class='ocrx_word' id='word_1_139' title='bbox 303 2478 392 2558; x_wconf 90' lang='lat' dir='ltr'><strong>copia</strong></span> <span class='ocrx_word' id='word_1_140' title='bbox 412 2498 497 2541; x_wconf 92' lang='lat' dir='ltr'><strong>nunc</strong></span> <span class='ocrx_word' id='word_1_141' title='bbox 516 2479 638 2541; x_wconf 89' lang='lat' dir='ltr'><strong>miseris</strong></span> <span class='ocrx_word' id='word_1_142' title='bbox 658 2479 869 2542; x_wconf 90' lang='lat' dir='ltr'><strong>circumdatur</strong></span> <span class='ocrx_word' id='word_1_143' title='bbox 890 2478 982 2540; x_wconf 83' lang='lat' dir='ltr'><strong>anxia</strong></span> <span class='ocrx_word' id='word_1_144' title='bbox 1003 2478 1071 2540; x_wconf 86' lang='lat' dir='ltr'><strong>fatis</strong></span> 
     </span>
     <span class='ocr_line' id='line_1_24' title="bbox 297 2574 1131 2655; baseline 0.002 -21"><span class='ocrx_word' id='word_1_145' title='bbox 297 2574 544 2655; x_wconf 90' lang='lat' dir='ltr'><strong>immoriturque</strong></span> <span class='ocrx_word' id='word_1_146' title='bbox 564 2593 659 2655; x_wconf 89' lang='lat' dir='ltr'><strong>super</strong></span> <span class='ocrx_word' id='word_1_147' title='bbox 679 2575 792 2636; x_wconf 92' lang='lat' dir='ltr'><strong>fluctus</strong></span> <span class='ocrx_word' id='word_1_148' title='bbox 816 2589 846 2635; x_wconf 94' lang='lat' dir='ltr'><strong>et</strong></span> <span class='ocrx_word' id='word_1_149' title='bbox 866 2593 939 2635; x_wconf 85' lang='lat' dir='ltr'><strong>saxa</strong></span> <span class='ocrx_word' id='word_1_150' title='bbox 959 2574 1131 2654; x_wconf 86' lang='lat' dir='ltr'><strong>Capherei,</strong></span> 
     </span>
     <span class='ocr_line' id='line_1_25' title="bbox 184 2668 1025 2750; baseline 0.004 -24"><span class='ocrx_word' id='word_1_151' title='bbox 184 2707 187 2712; x_wconf 76' lang='lat'><strong>,</strong></span> <span class='ocrx_word' id='word_1_152' title='bbox 238 2682 277 2727; x_wconf 80' lang='lat' dir='ltr'><strong>att</strong></span> <span class='ocrx_word' id='word_1_153' title='bbox 303 2668 460 2731; x_wconf 91' lang='lat' dir='ltr'><strong>Euboicas</strong></span> <span class='ocrx_word' id='word_1_154' title='bbox 480 2685 534 2730; x_wconf 90' lang='lat' dir='ltr'><strong>aut</strong></span> <span class='ocrx_word' id='word_1_155' title='bbox 554 2688 610 2750; x_wconf 90' lang='lat' dir='ltr'><strong>per</strong></span> <span class='ocrx_word' id='word_1_156' title='bbox 631 2685 735 2732; x_wconf 90' lang='lat' dir='ltr'><strong>cautes</strong></span> <span class='ocrx_word' id='word_1_157' title='bbox 754 2673 945 2750; x_wconf 85' lang='lat' dir='ltr'><strong>Aegaeaque</strong></span> <span class='ocrx_word' id='word_1_158' title='bbox 964 2669 1025 2730; x_wconf 90' lang='lat' dir='ltr'><strong>late</strong></span> 
     </span>
     <span class='ocr_line' id='line_1_26' title="bbox 302 2759 1232 2845; baseline 0.002 -20"><span class='ocrx_word' id='word_1_159' title='bbox 302 2763 404 2842; x_wconf 89' lang='lat' dir='ltr'><strong>litora,</strong></span> <span class='ocrx_word' id='word_1_160' title='bbox 426 2784 499 2826; x_wconf 92' lang='lat' dir='ltr'><strong>cum</strong></span> <span class='ocrx_word' id='word_1_161' title='bbox 519 2764 676 2845; x_wconf 87' lang='lat' dir='ltr'><strong>Phrygiae</strong></span> <span class='ocrx_word' id='word_1_162' title='bbox 702 2763 817 2844; x_wconf 86' lang='lat' dir='ltr'><strong>passim</strong></span> <span class='ocrx_word' id='word_1_163' title='bbox 837 2782 916 2843; x_wconf 90' lang='lat' dir='ltr'><strong>vaga</strong></span> <span class='ocrx_word' id='word_1_164' title='bbox 939 2763 1055 2842; x_wconf 90' lang='lat' dir='ltr'><strong>praeda</strong></span> <span class='ocrx_word' id='word_1_165' title='bbox 1075 2759 1232 2843; x_wconf 68' lang='lat' dir='ltr'><strong>perempti</strong></span> 
     </span>
     <span class='ocr_line' id='line_1_27' title="bbox 302 2857 1115 2938; baseline 0.001 -17"><span class='ocrx_word' id='word_1_166' title='bbox 302 2860 432 2921; x_wconf 89' lang='lat' dir='ltr'><strong>fluctuat</strong></span> <span class='ocrx_word' id='word_1_167' title='bbox 453 2859 557 2921; x_wconf 93' lang='lat' dir='ltr'><strong>omnis</strong></span> <span class='ocrx_word' id='word_1_168' title='bbox 577 2859 610 2920; x_wconf 93' lang='lat' dir='ltr'><strong>in</strong></span> <span class='ocrx_word' id='word_1_169' title='bbox 630 2877 789 2938; x_wconf 88' lang='lat' dir='ltr'><strong>aequoreo</strong></span> <span class='ocrx_word' id='word_1_170' title='bbox 809 2857 972 2938; x_wconf 86' lang='lat' dir='ltr'><strong>naufragia</strong></span> <span class='ocrx_word' id='word_1_171' title='bbox 990 2858 1115 2922; x_wconf 90' lang='lat' dir='ltr'><strong>luctu.†</strong></span> 
     </span>
     <span class='ocr_line' id='line_1_28' title="bbox 304 2953 1006 3036; baseline -0.001 -22"><span class='ocrx_word' id='word_1_172' title='bbox 304 2954 365 3015; x_wconf 89' lang='lat' dir='ltr'><strong>Hic</strong></span> <span class='ocrx_word' id='word_1_173' title='bbox 385 2953 437 3016; x_wconf 93' lang='lat' dir='ltr'><strong>alii</strong></span> <span class='ocrx_word' id='word_1_174' title='bbox 456 2974 489 3015; x_wconf 91' lang='lat' dir='ltr'><strong>se</strong></span> <span class='ocrx_word' id='word_1_175' title='bbox 511 2954 586 3016; x_wconf 92' lang='lat' dir='ltr'><strong>dant</strong></span> <span class='ocrx_word' id='word_1_176' title='bbox 605 2954 717 3036; x_wconf 89' lang='lat' dir='ltr'><strong>pariles</strong></span> <span class='ocrx_word' id='word_1_177' title='bbox 737 2953 859 3015; x_wconf 87' lang='lat' dir='ltr'><strong>virtutis</strong></span> <span class='ocrx_word' id='word_1_178' title='bbox 883 2953 1006 3015; x_wconf 92' lang='lat' dir='ltr'><strong>honore</strong></span> 
     </span>
     <span class='ocr_line' id='line_1_29' title="bbox 304 3047 1084 3129; baseline -0.005 -19"><span class='ocrx_word' id='word_1_179' title='bbox 304 3050 426 3127; x_wconf 88' lang='lat' dir='ltr'><strong>heroes,</strong></span> <span class='ocrx_word' id='word_1_180' title='bbox 446 3050 622 3129; x_wconf 89' lang='lat' dir='ltr'><strong>mediisque</strong></span> <span class='ocrx_word' id='word_1_181' title='bbox 641 3048 691 3110; x_wconf 87' lang='lat' dir='ltr'><strong>siti</strong></span> <span class='ocrx_word' id='word_1_182' title='bbox 710 3064 783 3110; x_wconf 89' lang='lat' dir='ltr'><strong>sunt</strong></span> <span class='ocrx_word' id='word_1_183' title='bbox 803 3047 940 3124; x_wconf 87' lang='lat' dir='ltr'><strong>sedibus,</strong></span> <span class='ocrx_word' id='word_1_184' title='bbox 961 3066 1084 3124; x_wconf 86' lang='lat' dir='ltr'><strong>omnes,</strong></span> 
     </span>
     <span class='ocr_line' id='line_1_30' title="bbox 239 3140 1162 3223; baseline -0.006 -17"><span class='ocrx_word' id='word_1_185' title='bbox 239 3154 279 3198; x_wconf 77' lang='lat'><strong>³6⁰</strong></span> <span class='ocrx_word' id='word_1_186' title='bbox 305 3163 416 3206; x_wconf 87' lang='lat' dir='ltr'><strong>omnes</strong></span> <span class='ocrx_word' id='word_1_187' title='bbox 437 3145 542 3206; x_wconf 90' lang='lat' dir='ltr'><strong>Roma</strong></span> <span class='ocrx_word' id='word_1_188' title='bbox 562 3143 657 3204; x_wconf 89' lang='lat' dir='ltr'><strong>decus</strong></span> <span class='ocrx_word' id='word_1_189' title='bbox 678 3143 785 3223; x_wconf 91' lang='lat' dir='ltr'><strong>magni</strong></span> <span class='ocrx_word' id='word_1_190' title='bbox 806 3161 886 3222; x_wconf 92' lang='lat' dir='ltr'><strong>quos</strong></span> <span class='ocrx_word' id='word_1_191' title='bbox 906 3141 1035 3222; x_wconf 90' lang='lat' dir='ltr'><strong>suspicit</strong></span> <span class='ocrx_word' id='word_1_192' title='bbox 1056 3140 1162 3203; x_wconf 77' lang='lat' dir='ltr'><strong>orbiS.</strong></span> 
     </span>
    </p>
   </div>
   <div class='ocr_carea' id='block_1_3' title="bbox 304 3355 1232 3695">
    <p class='ocr_par' dir='ltr' id='par_1_3' title="bbox 304 3355 1232 3695">
     <span class='ocr_line' id='line_1_31' title="bbox 355 3355 1232 3428; baseline -0.008 -14"><span class='ocrx_word' id='word_1_193' title='bbox 355 3381 393 3427; x_wconf 83' lang='lat'><strong>332</strong></span> <span class='ocrx_word' id='word_1_194' title='bbox 403 3367 529 3414; x_wconf 85' lang='lat' dir='ltr'><strong>metuenda</strong></span> <span class='ocrx_word' id='word_1_195' title='bbox 538 3367 641 3420; x_wconf 85' lang='lat' dir='ltr'><strong>(ranolea</strong></span> <span class='ocrx_word' id='word_1_196' title='bbox 656 3366 782 3418; x_wconf 72' lang='lat' dir='ltr'><strong>Vossianus)</strong></span> <span class='ocrx_word' id='word_1_197' title='bbox 808 3377 847 3424; x_wconf 88' lang='grc'><strong>333</strong></span> <span class='ocrx_word' id='word_1_198' title='bbox 860 3361 1020 3424; x_wconf 78' lang='lat' dir='ltr'><strong>pallentesque</strong></span> <span class='ocrx_word' id='word_1_199' title='bbox 1045 3368 1087 3424; x_wconf 73' lang='grc'><strong>334</strong></span> <span class='ocrx_word' id='word_1_200' title='bbox 1097 3377 1180 3422; x_wconf 85' lang='lat' dir='ltr'><strong>gener</strong></span> <span class='ocrx_word' id='word_1_201' title='bbox 1189 3355 1232 3428; x_wconf 54' lang='lat' dir='ltr'><strong>amp</strong></span> 
     </span>
     <span class='ocr_line' id='line_1_32' title="bbox 304 3433 1232 3494; baseline -0.004 -14"><span class='ocrx_word' id='word_1_202' title='bbox 304 3436 376 3482; x_wconf 85' lang='lat' dir='ltr'><strong>atride</strong></span> <span class='ocrx_word' id='word_1_203' title='bbox 409 3449 448 3494; x_wconf 84' lang='grc'><strong>337</strong></span> <span class='ocrx_word' id='word_1_204' title='bbox 461 3436 553 3492; x_wconf 80' lang='lat' dir='ltr'><strong>gravius</strong></span> <span class='ocrx_word' id='word_1_205' title='bbox 591 3435 677 3480; x_wconf 84' lang='lat' dir='ltr'><strong>furenti</strong></span> <span class='ocrx_word' id='word_1_206' title='bbox 716 3447 756 3492; x_wconf 77' lang='lat'><strong>340</strong></span> <span class='ocrx_word' id='word_1_207' title='bbox 769 3447 845 3492; x_wconf 81' lang='lat' dir='ltr'><strong>neque</strong></span> <span class='ocrx_word' id='word_1_208' title='bbox 858 3433 966 3492; x_wconf 80' lang='lat' dir='ltr'><strong>propriae</strong></span> <span class='ocrx_word' id='word_1_209' title='bbox 1001 3437 1040 3486; x_wconf 79' lang='lat'><strong>342</strong></span> <span class='ocrx_word' id='word_1_210' title='bbox 1056 3433 1135 3479; x_wconf 83' lang='lat' dir='ltr'><strong>decus</strong></span> <span class='ocrx_word' id='word_1_211' title='bbox 1158 3433 1232 3482; x_wconf 69' lang='lat' dir='ltr'><strong>aemi</strong></span> 
     </span>
     <span class='ocr_line' id='line_1_33' title="bbox 305 3503 1193 3564; baseline 0 -16"><span class='ocrx_word' id='word_1_212' title='bbox 305 3503 363 3548; x_wconf 84' lang='lat' dir='ltr'><strong>deus</strong></span> <span class='ocrx_word' id='word_1_213' title='bbox 402 3517 441 3562; x_wconf 87' lang='grc'><strong>343</strong></span> <span class='ocrx_word' id='word_1_214' title='bbox 460 3517 515 3560; x_wconf 85' lang='lat' dir='ltr'><strong>argo</strong></span> <span class='ocrx_word' id='word_1_215' title='bbox 529 3517 553 3548; x_wconf 89' lang='lat' dir='ltr'><strong>re</strong></span> <span class='ocrx_word' id='word_1_216' title='bbox 567 3512 649 3561; x_wconf 85' lang='lat' dir='ltr'><strong>petens</strong></span> <span class='ocrx_word' id='word_1_217' title='bbox 693 3515 731 3561; x_wconf 87' lang='grc'><strong>345</strong></span> <span class='ocrx_word' id='word_1_218' title='bbox 749 3504 778 3548; x_wconf 91' lang='lat' dir='ltr'><strong>ad</strong></span> <span class='ocrx_word' id='word_1_219' title='bbox 792 3503 868 3548; x_wconf 81' lang='lat' dir='ltr'><strong>undas</strong></span> <span class='ocrx_word' id='word_1_220' title='bbox 912 3505 952 3564; x_wconf 80' lang='grc'><strong>346</strong></span> <span class='ocrx_word' id='word_1_221' title='bbox 964 3504 1024 3548; x_wconf 89' lang='lat' dir='ltr'><strong>iacta</strong></span> <span class='ocrx_word' id='word_1_222' title='bbox 1067 3505 1193 3560; x_wconf 80' lang='lat' dir='ltr'><strong>351s0lis</strong></span> 
     </span>
     <span class='ocr_line' id='line_1_34' title="bbox 306 3569 1225 3632; baseline -0.002 -18"><span class='ocrx_word' id='word_1_223' title='bbox 306 3579 390 3616; x_wconf 84' lang='lat' dir='ltr'><strong>nentur</strong></span> <span class='ocrx_word' id='word_1_224' title='bbox 429 3583 468 3629; x_wconf 82' lang='lat'><strong>35²</strong></span> <span class='ocrx_word' id='word_1_225' title='bbox 487 3584 543 3616; x_wconf 87' lang='lat' dir='ltr'><strong>uere</strong></span> <span class='ocrx_word' id='word_1_226' title='bbox 590 3573 663 3616; x_wconf 88' lang='lat' dir='ltr'><strong>lemm</strong></span> <span class='ocrx_word' id='word_1_227' title='bbox 710 3584 748 3630; x_wconf 89' lang='grc'><strong>355</strong></span> <span class='ocrx_word' id='word_1_228' title='bbox 769 3586 868 3630; x_wconf 84' lang='lat' dir='ltr'><strong>ereaque</strong></span> <span class='ocrx_word' id='word_1_229' title='bbox 906 3574 945 3632; x_wconf 83' lang='lat'><strong>356</strong></span> <span class='ocrx_word' id='word_1_230' title='bbox 964 3580 1086 3631; x_wconf 84' lang='lat' dir='ltr'><strong>perempta</strong></span> <span class='ocrx_word' id='word_1_231' title='bbox 1129 3573 1177 3630; x_wconf 88' lang='grc'><strong>358</strong></span> <span class='ocrx_word' id='word_1_232' title='bbox 1195 3569 1225 3616; x_wconf 83' lang='lat' dir='ltr'><strong>sid</strong></span> 
     </span>
     <span class='ocr_line' id='line_1_35' title="bbox 306 3638 574 3695; baseline 0.004 -13"><span class='ocrx_word' id='word_1_233' title='bbox 306 3638 345 3695; x_wconf 81' lang='lat'><strong>360</strong></span> <span class='ocrx_word' id='word_1_234' title='bbox 359 3638 436 3683; x_wconf 82' lang='lat' dir='ltr'><strong>omnis</strong></span> <span class='ocrx_word' id='word_1_235' title='bbox 478 3639 574 3695; x_wconf 82' lang='lat' dir='ltr'><strong>suscipit</strong></span> 
     </span>
    </p>
   </div>
   <div class='ocr_carea' id='block_1_4' title="bbox 0 0 1277 4196">
    <p class='ocr_par' dir='ltr' id='par_1_4' title="bbox 0 0 1277 4196">
     <span class='ocr_line' id='line_1_36' title="bbox 0 0 1277 4196; baseline 0 0"><span class='ocrx_word' id='word_1_236' title='bbox 0 0 1277 4196; x_wconf 95' lang='lat' dir='ltr'><strong> </strong></span> 
     </span>
    </p>
   </div>
  </div>
 </body>
</html>
