2536 4200
286 334 319 394 ¹4
690 313 795 360 cutax

282 496 480 558 conformare
500 496 608 558 locum
629 496 712 577 capit
731 495 874 576 impiger,
895 497 981 557 hunc
1002 512 1032 558 et
1051 495 1084 557 in
1103 497 1219 557 orbem

282 592 428 668 destinat;
448 610 484 653 ac
505 590 579 652 ferri
599 591 747 670 capulum
767 591 910 670 repetivit
929 591 962 652 in
983 609 1086 668 usum,

281 685 477 766 gramineam
498 684 553 766 [ut]
573 684 665 745 viridi
685 684 806 746 foderet
826 685 866 746 de
886 684 1021 764 caespite
1041 700 1170 762 tertam;

281 780 344 841 iam
365 799 490 842 memor
508 779 670 859 inceptum
690 781 843 859 peragens
862 778 921 842 sibi
942 798 1016 840 cura
1035 779 1181 842 laborem

217 895 256 940 aas
282 890 468 955 congestum
490 874 662 936 cumulavit
682 893 773 954 opus,
793 889 887 955 atque
907 893 1020 955 aggere
1041 875 1143 936 multo

282 969 401 1031 telluris
422 969 563 1030 tumulus
584 969 755 1031 formatum
776 967 871 1031 crevit
890 968 924 1030 in
944 971 1064 1031 orbem.

283 1083 380 1144 quem
401 1063 519 1125 circum
540 1063 678 1143 lapidem
698 1064 759 1125 levi
780 1064 818 1126 de
839 1081 997 1125 marmore
1018 1063 1161 1125 formans

283 1158 427 1236 conseris
448 1158 590 1219 assiduae
611 1177 703 1219 curae
723 1176 857 1218 memor.
896 1157 948 1218 hic
969 1171 999 1218 et
1019 1158 1173 1220 acanthos

283 1268 313 1314 et
333 1272 404 1314 rosa
424 1271 622 1335 purpureum
643 1266 782 1314 crescent
803 1251 979 1313 rubicunda
999 1255 1188 1330 terrorem†

217 1369 257 1413 too
283 1364 313 1408 et
333 1348 435 1410 violae
455 1367 555 1428 genus
576 1367 681 1424 omne,
701 1346 754 1408 hic
773 1361 819 1408 est
839 1361 869 1407 et
889 1345 1028 1426 Spartica
1049 1363 1174 1427 myrtus

283 1459 376 1524 atque
398 1443 585 1523 hyacinthos
606 1441 708 1504 ethic
729 1441 821 1502 Cilici
842 1460 953 1503 crocus
974 1442 1075 1503 editus
1095 1463 1186 1520 arv0‚

283 1539 390 1599 laurus
410 1538 487 1599 item
507 1537 629 1598 Phoebi
649 1536 908 1616 surgensdecus,
933 1535 984 1596 hic
1004 1536 1244 1618 rhododaphne

282 1632 409 1713 liliaque
430 1647 460 1694 et
480 1633 560 1694 roris
580 1652 647 1694 non
666 1631 734 1692 avia
755 1650 828 1691 cura
848 1629 962 1691 marini

283 1727 443 1807 herbaque
464 1727 542 1788 tutis
563 1746 639 1806 opes
659 1725 767 1807 priscis
787 1724 906 1786 imitata
927 1725 1043 1788 Sabina

217 1842 257 1887 aas
283 1822 530 1903 chrysantusque
551 1821 750 1901 hederaeque
770 1819 854 1882 nitor
874 1819 1010 1899 pallente
1031 1824 1194 1902 corymbo

283 1933 312 1978 et
333 1918 474 1980 bocchus
495 1916 613 1997 Libyae
634 1916 715 1997 tegis
736 1934 869 1992 memor,
889 1913 941 1975 hic
961 1931 1142 1977 amarantus

285 2014 508 2092 bumastusque
528 2011 632 2073 virens
653 2026 683 2072 et
702 2029 827 2093 semper
845 2011 958 2074 florida
979 2011 1085 2092 pinus;

283 2125 348 2167 non
369 2106 454 2169 illinc
475 2106 630 2166 narcissus
650 2108 745 2183 abest,
766 2105 830 2186 qui,
851 2104 953 2186 gloria
973 2105 1103 2183 formae,

283 2201 356 2280 igne
376 2200 556 2280 Cupidineo
577 2198 723 2281 proprios
744 2200 855 2262 exarsit
874 2201 906 2262 in
927 2215 1021 2277 artus,

217 2317 258 2360 ato
283 2312 313 2357 et
334 2313 553 2376 quoscumque
573 2308 691 2355 novant
709 2295 871 2358 vernantia
891 2311 1034 2376 tempora
1053 2295 1169 2374 flores;

285 2390 334 2451 his
354 2389 496 2451 tumulus
516 2407 611 2469 supet
630 2387 785 2464 inseritur,
805 2401 873 2451 tum
893 2392 997 2451 fronte
1017 2389 1144 2450 locatur

284 2484 434 2566 elogium,
455 2483 546 2561 tacita
567 2483 683 2545 format
702 2483 790 2564 quod
809 2483 911 2546 littera
930 2503 1022 2546 voce:

283 2583 386 2660 ‘parve
408 2578 508 2655 culex,
529 2578 689 2658 pecudum
709 2567 820 2640 custos
833 2579 890 2640 tibi
909 2579 969 2640 tale
990 2578 1124 2644 merenti

284 2673 402 2735 funeris
423 2669 565 2736 officium
586 2673 666 2735 vitae
686 2693 745 2754 pro
766 2693 897 2736 munere
917 2673 1037 2735 reddit'.

334 2883 372 2930 393
381 2880 406 2915 ut
416 2885 455 2914 one
482 2871 690 2929 399rubibundaB
720 2883 923 2928 aooomnegenue
954 2881 1085 2923 eeterosus
1111 2883 1162 2922 402
1174 2871 1248 2916 decu

283 2953 380 2996 surgens
427 2951 466 2996 403
479 2939 540 2984 rosis
586 2943 627 2993 408
641 2940 679 2985 cui
725 2952 764 2993 412
781 2940 849 2986 firma
906 2937 1023 2984 libellus
1036 2937 1083 2993 Qui
1099 2938 1247 2986 Nominatu-

283 3008 358 3055 Culex
371 3007 447 3054 Publii
460 3005 550 3064 Virgilii
563 3007 614 3052 finit
