2536 4200
483 305 528 352 AD
541 305 569 354 V.
584 319 593 352 1
992 308 1029 368 23

50 507 108 550 nec
123 507 316 569 magnopere
330 487 511 550 mirandum
520 488 560 550 sit
573 487 600 549 si
609 487 793 568 ignoremus
803 499 1030 568 praetextatum

50 580 152 644 nobili
181 581 268 648 loco.
285 597 401 660 ortum,
431 601 537 663 quem.
558 582 774 644 venerandum
800 580 930 662 quidem
960 596 1032 662 post

49 677 127 738 deos
151 691 245 757 poeta
272 676 407 758 appellat
433 678 489 756 (25,
511 675 549 738 cf.
570 678 649 738 Aen.
671 696 699 755 9,
720 693 778 753 ²74
801 675 857 737 ubi
876 675 1031 740 Ascanius

49 770 226 852 Euryalum
237 770 360 833 adfatur
372 769 549 834 venerande
558 780 639 851 puer
653 769 701 850 [cf.
713 769 788 832 Stat.
799 770 901 832 Theb.
918 789 961 843 12,
972 769 1031 850 73],

48 867 128 927 Hor.
159 864 248 946 epist.
272 885 296 944 1,
326 867 369 944 18,
397 863 434 943 73
464 864 641 927 venerandi
667 864 761 926 lemen
790 864 887 927 amici
913 863 1031 926 scilicet

47 959 183 1041 patroni,
214 959 288 1023 Stat.
310 961 377 1022 silv.
401 963 427 1037 5,
448 979 477 1037 a,
497 960 516 1022 8
538 967 619 1039 puer
643 957 753 1031 inclite,
781 977 818 1038 27
838 957 925 1022 clare
939 967 1030 1040 puer,

47 1056 86 1116 82
105 1064 186 1135 puer
205 1055 317 1136 optime
338 1055 376 1117 de
393 1074 494 1137 puero
515 1052 653 1115 sedecim
673 1073 842 1132 annorum,
861 1074 889 1115 v.
909 1073 951 1115 12.
972 1053 1031 1132 66),

46 1150 105 1212 sed
135 1149 316 1231 praedicare
340 1165 471 1212 tantum*
491 1147 664 1210 castitatem
689 1163 791 1228 potest
821 1148 935 1225 (sancte
946 1157 1031 1228 puer

45 1245 94 1305 26.
112 1244 158 1322 37,
171 1259 207 1306 ut
217 1242 380 1305 Phaedrus
392 1242 626 1306 Particulonem
640 1241 826 1304 adfaturvir
838 1241 1032 1305 sanctrssimr

43 1358 65 1417 4
87 1338 159 1419 epil.
179 1358 208 1418 4,
229 1339 267 1400 cf.
289 1338 364 1400 Stat.
378 1337 397 1400 l.
419 1360 443 1400 s.
463 1357 501 1416 72
526 1351 557 1399 et
577 1355 658 1416 quae
674 1336 713 1399 de
728 1336 902 1399 Octaviano
916 1337 1031 1400 Cicero

45 1433 124 1496 dicit
144 1433 223 1496 Phil.
238 1434 266 1512 3,
291 1435 323 1494 15
346 1434 437 1512 et13,
462 1433 506 1514 19)
527 1451 564 1494 ac
583 1450 623 1492 ne
641 1429 818 1492 doctrinam
833 1432 963 1513 quidem
977 1434 1032 1496 sed

44 1547 177 1590 sensum
198 1531 268 1606 (ro),
294 1542 396 1590 cetera
420 1527 453 1589 in
480 1545 535 1607 spe
555 1525 614 1587 sita
634 1544 700 1588 esse
721 1525 834 1606 apertis
854 1527 958 1589 verbis
978 1527 1033 1590 de·

44 1622 144 1684 clarat
165 1623 211 1702 (37
232 1623 288 1704 sq.)
315 1637 350 1684 ut
373 1621 412 1684 de
433 1620 602 1683 Messalino
623 1620 781 1700 Tibullus,
803 1620 842 1681 de
864 1620 1033 1685 Pisonibus

43 1716 209 1796 Horatius,
242 1716 281 1779 de
312 1717 435 1780 Bolano
465 1715 592 1794 Statius,
623 1715 662 1777 de
693 1714 843 1776 Marcello
874 1715 1034 1797 Vergilius

43 1813 84 1890 (ὁ,
113 1812 179 1891 875,
201 1812 239 1875 cf.
260 1812 346 1874 Serv.
367 1809 521 1874 rhetorice
539 1819 625 1889 rpem
651 1807 763 1872 &udat
785 1809 818 1871 in
835 1818 938 1889 puero
957 1811 1034 1892 quia

32 1907 135 1986 facta
154 1926 215 1968 non
235 1905 359 1985 maeuii)
386 1906 437 1968 vel
457 1903 648 1985 Crinagoras
667 1902 784 1964 Thesei
806 1902 852 1964 illi
876 1923 1034 1984 augurans

40 2002 174 2067 nisano&
189 2002 284 2066 αἶνον
299 2005 371 2066 ἴσον
384 2001 506 2083 βιότου.
548 1997 673 2076 scilicet,
694 2012 728 2058 ut
748 1996 912 2060 Ciceronis
931 1999 1035 2061 verbis

42 2111 129 2173 utar,
163 2115 255 2158 causa
289 2095 424 2158 difficilis
448 2094 576 2157 laudare
602 2111 747 2175 puerum,
778 2111 844 2154 non
877 2092 962 2154 enim
986 2113 1035 2156 res

41 2190 207 2252 laudanda
236 2190 292 2252 sed
321 2209 391 2271 spes
422 2203 476 2250 est.
530 2191 586 2252 sed
617 2188 682 2250 duo
712 2203 786 2250 sunt
818 2207 899 2269 quae
928 2204 1035 2258 vetant

40 2305 87 2348 ne
113 2284 147 2346 in
172 2284 228 2347 tali
257 2283 482 2347 deliberatione
512 2281 757 2364 acquiescamus.
807 2283 948 2364 primum
968 2304 1034 2347 non

39 2378 139 2442 facile
159 2379 243 2441 illius
266 2379 418 2461 temporis
438 2375 589 2441 Octavius
615 2378 729 2459 aliquis
754 2379 938 2441 ostendetur
961 2379 1035 2442 satis

37 2473 164 2536 nobilis
205 2493 301 2554 quem
341 2492 477 2554 puerum
517 2487 611 2553 poeta
651 2473 840 2554 adloquatur
877 2488 912 2535 ut
946 2474 1034 2552 facit;

38 2568 200 2650 exemplis
225 2584 260 2630 ut
285 2583 364 2646 utar,
390 2566 541 2629 Octavius
566 2566 686 2629 Fronto
711 2568 766 2649 qui
792 2588 818 2630 a.
845 2569 878 2630 16
905 2588 935 2649 p.
958 2569 1033 2648 Chr.

38 2679 195 2745 praetura
225 2663 351 2724 functus
381 2676 446 2724 erat
477 2661 562 2742 (Tac.
590 2681 714 2741 anna,
744 2664 802 2741 33),
832 2663 882 2724 vel
908 2662 943 2725 C.
971 2663 1035 2726 Oc-

38 2757 150 2820 tavius
181 2757 302 2819 Laenas
329 2757 384 2838 qui
414 2777 440 2819 a.
463 2758 501 2836 34
526 2772 651 2820 curator
674 2775 829 2837 aquarum
859 2757 959 2820 factus
990 2774 1035 2820 est

38 2851 204 2932 (Frontin.
234 2853 307 2931 102),
338 2871 476 2933 quorum
497 2868 580 2914 aetas
605 2852 734 2914 fortasse
755 2853 931 2931 conveniat,
957 2852 1035 2914 adu-

36 2944 214 3010 lescentuli
234 2965 299 3008 non
320 2962 408 3009 erant
426 2962 530 3010 tantae
551 2946 737 3024 nobilitatis;
768 2966 872 3027 neque
895 2947 929 3008 in
950 2947 1035 3010 fastis

36 3043 108 3104 sub
123 3044 271 3121 Augusto
288 3041 437 3104 Octavius
458 3062 516 3104 nec
537 3041 642 3105 notior
663 3042 754 3102 ullus.
796 3041 913 3122 quippe
933 3043 1035 3123 gentis

37 3135 200 3202 Octaviae
221 3135 340 3199 familia
353 3137 481 3219 patricia
496 3137 590 3214 (Suet.
605 3138 688 3216 Aug.
709 3137 737 3214 a)
758 3135 862 3198 adhuc
883 3135 981 3198 libera
1001 3156 1035 3200 re

34 3231 178 3316 publica
203 3230 370 3295 defecerat:
398 3235 510 3311 (statua
533 3229 589 3296 Cn.
615 3227 732 3309 Oetam)
757 3248 838 3292 nunc
863 3229 911 3292 ad
931 3239 1035 3294 tantae

23 3325 196 3411 famuliae
219 3326 406 3389 memoriam
425 3325 493 3388 sola
509 3332 609 3387 restat
625 3340 661 3386 ut
673 3325 788 3388 Cicero
804 3325 845 3387 ait
859 3325 938 3387 Phil.
953 3347 981 3406 9,
1005 3329 1034 3404 5;

35 3424 92 3487 Μ.
121 3419 271 3483 Octavius
294 3421 353 3484 Cn.
379 3421 399 3484 f.
426 3419 511 3502 apud
535 3419 665 3481 Actium
690 3434 799 3481 contra
824 3419 1034 3482 Octavianum

31 3518 213 3604 pugnabat
246 3514 337 3594 (Plut.
372 3518 446 3577 Ant.
476 3515 539 3595 65),
579 3514 770 3577 Octavianus
806 3515 934 3578 fratrem
967 3535 1034 3577 non

33 3613 197 3678 habebat.
239 3610 278 3672 de
303 3610 408 3672 Marso
434 3610 617 3674 Dolabellae
643 3610 748 3691 legato
773 3631 799 3673 a.
820 3629 873 3689 711
904 3627 934 3674 et
954 3611 1034 3672 Lae-
