2536 4200
485 319 530 365 ΑΙ)
545 319 572 368 V.
581 333 626 378 ²·3
1004 324 1040 384 25

60 500 211 562 cabulum
232 514 353 580 praeter
367 499 453 562 hunc
471 501 578 563 locum
600 502 699 563 lexica
721 515 873 563 testantur
892 521 930 564 ex
951 503 1042 565 Cice-

60 614 138 658 rone
159 595 198 658 de
213 595 274 656 div.
289 614 317 673 α,
331 596 378 674 63,
400 596 455 658 ubi
469 615 578 658 versus
592 597 781 659 Homericos
796 597 890 660 latine
906 598 1041 660 reddens

61 710 128 752 non
151 692 284 752 verbum
308 691 407 752 verbo
437 709 618 772 expressum
641 691 751 753 extulit
771 697 883 765 (vanos
907 694 1042 774 pectoris

58 792 179 863 orsus);
199 785 294 847 habet
308 785 423 847 Statius
437 785 591 863 Achilla,
613 787 667 848 335
690 788 747 868 (49)
762 785 896 867 paultim
916 789 1041 869 repetito

58 879 183 962 lougius
202 900 277 942 orsu
295 881 376 959 (ortu
390 881 591 962 Puteaneus);
612 882 665 943 hic
685 896 778 962 poeta
797 883 930 963 proprio
947 903 1040 946 sensu

57 975 101 1036 ad
125 974 220 1037 telam
243 975 411 1037 texendam
431 975 607 1056 pertinente
633 995 730 1056 quern
760 976 792 1037 in
819 977 963 1040 ordiendi
986 999 1041 1041 ex·

58 1069 205 1132 ordiendi
235 1069 356 1132 exordii
385 1070 548 1132 vocabulis
579 1070 690 1132 Festus
720 1086 849 1133 testatur
875 1091 905 1152 p.
929 1072 979 1134 185
1011 1089 1041 1135 et

58 1164 233 1246 lexigraphi
272 1164 338 1242 alii,
376 1165 518 1244 agnoscit
554 1185 629 1227 cum
664 1166 794 1228 Plautus
829 1166 953 1244 (Pseud.
976 1169 1041 1248 399,

58 1261 171 1322 Bacch.
190 1260 255 1338 350)
275 1275 344 1321 tum
369 1259 483 1322 Cicero
505 1259 629 1341 aliique,
654 1260 727 1322 vide
751 1281 831 1342 quae
853 1262 973 1324 Plinius
998 1285 1040 1342 11,

55 1357 99 1417 80
109 1375 154 1435 sq.
169 1354 208 1416 de
222 1354 344 1416 erudita
358 1353 540 1435 operatione
555 1375 744 1419 araneorum
757 1357 834 1418 telas
848 1357 1040 1420 ordientium

57 1465 173 1526 narrat,
195 1468 354 1530 quemque
375 1449 415 1511 ad
435 1450 612 1512 orationem
631 1449 856 1513 instituendam
875 1453 1039 1515 transferre

55 1563 177 1627 pronus
198 1559 263 1606 erat
282 1563 396 1605 sermo.
437 1544 561 1606 orsibus
586 1559 692 1607 autern
717 1561 935 1608 successerunt
953 1566 1038 1620 orsa,

55 1659 124 1721 quo
150 1639 307 1701 vocabulo
339 1639 436 1700 utitur
463 1639 644 1701 consolator
671 1639 778 1702 Liviae
798 1660 864 1718 aro,
895 1641 1039 1703 Valerius

55 1735 188 1798 Flaccus
213 1752 237 1812 1,
257 1751 291 1794 21
326 1732 494 1811 (Manili,
522 1737 557 1802 57
583 1735 734 1796 traditum
758 1751 806 1798 est
829 1734 910 1798 nulli
931 1746 1039 1798 vatrim

53 1829 234 1893 debebimus
252 1847 330 1908 ora„
343 1828 381 1890 cf.
405 1830 430 1907 5,
450 1830 518 1908 480)
544 1844 574 1891 et
600 1829 749 1892 omnibus
769 1829 893 1911 saepius
914 1829 1037 1903 Statius,
1087 1863 1090 1868 ,

53 1925 112 2006 qui
133 1939 239 1986 tamen
259 1923 325 1986 siit.
346 1943 375 2002 4,
395 1943 423 2002 4,
445 1923 482 2001 87
508 1924 599 2000 (nuuc
622 1924 654 1986 si
666 1925 757 2004 forte
782 1923 861 1987 mu
879 1944 959 2004 quae
978 1925 1043 1988 siut

50 2017 191 2081 exordia
212 2017 318 2080 Musis
339 2018 421 2080 scire
439 2017 529 2099 petre)
556 2033 586 2080 et
610 2019 726 2100 passim
751 2017 784 2080 in
808 2018 973 2081 Thebaide
999 2040 1038 2083 eo

50 2113 213 2176 vocabulo
233 2133 309 2175 usus
333 2129 379 2175 est
403 2113 491 2194 quod
516 2114 657 2176 certioris
682 2113 894 2176 translationis
918 2115 1038 2196 signifi·

49 2225 161 2271 catum
182 2209 331 2270 excedere
351 2207 493 2288 plerique
514 2228 580 2270 non
601 2208 757 2287 sinebant3
779 2209 818 2270 de
839 2209 1037 2272 Columellae

48 2324 114 2365 usu
135 2303 208 2366 vide
229 2301 360 2366 Gesneri
381 2302 506 2364 lexicon
530 2304 683 2366 rusticum
708 2325 731 2365 s.
754 2303 922 2366 exordium
947 2319 978 2365 et
1005 2304 1036 2366 in

48 2399 223 2480 proverbio
244 2398 328 2478 apud
349 2396 581 2473 Quintilianum
604 2402 630 2477 5,
655 2419 698 2475 ιο,
718 2417 753 2477 71
783 2397 949 2460 exordium
966 2397 1036 2480 pul·

46 2493 126 2556 lum.
168 2491 284 2554 Statius
304 2511 383 2554 orsa·
400 2490 537 2555 Sallusti
560 2493 653 2556 habet
676 2493 742 2555 silv.
762 2513 791 2572 4,
812 2515 841 2569 7,
864 2494 914 2570 553
946 2490 1036 2554 Livio

46 2587 162 2670 (praef.
192 2588 234 2666 13)
264 2605 350 2648 nunc
379 2586 557 2648 restitutum
589 2605 635 2651 est
663 2588 747 2652 orsis
776 2597 896 2651 tannim
925 2587 1035 2667 operti.

45 2681 284 2762 antiquioribus
304 2680 466 2744 sollemnis
490 2682 610 2744 locutio
631 2691 743 2762 coepta,
768 2683 806 2744 cf.
827 2682 899 2744 Cul.
920 2685 967 2744 25.
987 2703 1035 2762 41.

45 2776 213 2839 formandi
235 2779 370 2838 verbum
395 2777 535 2857 positum
560 2794 595 2839 ut
621 2778 706 2858 apud
726 2778 890 2840 Catullum
910 2777 958 2856 64,
980 2777 1034 2839 313

47 2873 83 2933 in
109 2872 280 2934 Parcarum
307 2891 411 2953 opera.
443 2905 480 2917 -
510 2871 652 2946 lusimus,
676 2872 754 2935 haec
777 2879 907 2953 propter
931 2869 1063 2934 culicisa

45 2967 116 3030 sint
143 2965 289 3029 carmina
313 2965 409 3029 docta.
459 2966 502 3028 sic
527 2967 579 3028 illa
608 2967 721 3029 tradita
746 2982 828 3045 sunt,
859 2980 1035 3028 correctum

45 3078 80 3124 et
114 3062 147 3124 in
176 3061 264 3123 libris
294 3061 455 3124 nonnullis
485 3077 516 3124 et
542 3077 613 3142 post
644 3062 736 3123 ltalos
767 3059 932 3123 communi
959 3079 1035 3122 con-

43 3177 146 3218 sensu
180 3165 255 3219 sicut
285 3155 350 3234 (vel
378 3156 455 3240 siut)
485 3156 630 3220 carmina
665 3155 755 3218 dictu.
815 3155 870 3216 sed
903 3154 1035 3216 modum

43 3249 141 3311 verbi
161 3249 299 3312 vindicat
312 3270 446 3331 sequens
466 3258 614 3322 consonet,
634 3249 824 3311 adiectivum
838 3248 904 3329 ipsa
919 3247 1035 3309 doctri-

44 3365 110 3406 nae
143 3345 311 3408 ostentatio
342 3365 398 3426 per
426 3360 530 3407 totum
556 3363 682 3406 carmen
707 3343 879 3405 manifesta.
930 3342 1034 3423 priora

44 3442 148 3502 verba
178 3439 284 3521 potius
314 3440 520 3521 explicatione
551 3455 653 3520 egent.
703 3453 797 3519 atque
828 3453 862 3499 ut
891 3437 1034 3518 sequenti

42 3555 144 3597 versu
165 3533 333 3598 distortum
358 3534 535 3597 videbimus
559 3533 713 3596 attenuari
740 3533 829 3614 quasi
850 3549 880 3595 et
899 3533 1035 3595 circum-

42 3630 145 3692 scribi
171 3627 279 3692 addito
299 3639 361 3710 per
386 3628 502 3703 ludum,
533 3628 575 3691 ita
601 3628 649 3690 his
673 3628 776 3690 verbis
806 3628 883 3691 haec
902 3637 1034 3708 propter
