2536 4200
454 311 499 358 Au
513 312 540 357 V.
554 325 631 370 3²·‹l2
995 316 1030 378 35

65 493 105 553 tui
124 491 259 554 nominis
280 491 377 572 gratia
399 492 532 555 enitatur
552 493 652 574 gloria
678 508 708 555 et
732 509 861 575 pugnet,
886 513 1033 575 superare

64 588 176 650 studeat
201 586 336 649 aliorum
361 586 504 668 gloriam.
545 587 740 650 locutionem
764 588 917 651 curiosius
937 609 1034 671 quae-

64 683 145 744 sitam
166 681 312 761 exemplo
333 685 541 762 comprobare
558 702 684 763 nequeo
704 685 788 761 (nam
801 683 1033 765 specie-decipit

64 777 134 838 Stati
158 796 266 838 versus
292 777 441 839 silvarum
467 798 489 855 r,
513 797 540 855 2,
566 778 621 839 108
651 777 703 840 cui
718 777 830 859 glorz'a
850 788 981 859 patrum
1005 790 1038 844 et

58 871 180 954 generis
200 871 341 934 certabat
356 871 471 951 hortos),
496 872 552 933 sed
576 871 608 934 in
629 873 690 934 hoc
716 888 809 952 poeta
829 893 933 953 neque
954 893 1034 954 quae

62 970 180 1028 abusu
206 966 306 1028 aliena
333 966 404 1028 ideo
430 966 639 1045 improbanda
668 981 742 1028 sunt
771 981 801 1029 et
830 981 893 1030 tam
925 984 1034 1049 aperto

62 1062 188 1124 consilio
214 1061 327 1143 triplex
352 1071 384 1124 et
409 1059 467 1124 tibi
491 1061 626 1123 conectit
656 1061 811 1123 factorum
840 1078 1034 1142 expectatam

60 1155 316 1238 magnitudinem,
336 1156 417 1218 vitae
438 1170 510 1235 post
530 1171 667 1218 mortem
681 1155 916 1234 beatitudinem,
938 1157 1035 1220 felici-

60 1252 125 1312 tatis
146 1250 231 1331 apud
252 1252 354 1312 bonos
375 1250 571 1323 memoriam,
593 1267 627 1313 ut
641 1270 706 1312 non
719 1250 844 1312 videam
858 1251 935 1330 quid
950 1252 1035 1316 demi

58 1345 168 1407 addive
193 1344 300 1425 possit.
349 1353 381 1406 et
403 1343 461 1407 tibi
482 1343 598 1407 scilicet
628 1360 663 1406 ut
693 1344 759 1406 aliis
789 1364 928 1425 quorum
957 1347 1036 1410 facta

58 1456 225 1518 canuntur,
256 1439 309 1520 qui
341 1440 484 1501 ‘amoena
512 1439 640 1519 piorum
670 1438 803 1501 concilia
828 1440 1035 1522 Elysiumque

57 1535 173 1598 colunt'
196 1553 397 1615 quorumque
418 1535 450 1596 in
471 1534 540 1615 ipso
561 1533 697 1596 carmine
711 1533 822 1596 merita
835 1552 1037 1599 recensentur

56 1653 85 1692 v.
102 1629 158 1692 358
178 1649 223 1710 sq.
266 1644 361 1691 certat
381 1630 448 1708 ipsa
462 1628 574 1710 glortit
594 1643 629 1690 ut
649 1649 677 1689 v.
693 1629 744 1691 301
768 1629 867 1694 sociat
884 1640 912 1693 te
925 1631 1037 1711 gloria

54 1725 163 1798 sortis,
193 1728 273 1786 Aen.
293 1747 322 1803 4,
351 1745 391 1804 49
421 1724 544 1788 Punica
572 1745 605 1786 se
634 1724 759 1804 quantit
787 1723 905 1788 attollet
925 1722 1038 1804 glorta

54 1819 159 1894 rebus,
181 1820 272 1881 Lucr.
286 1839 316 1898 4,
340 1837 414 1898 1124
427 1828 574 1900 aegrotat
574 1819 674 1898 fama
689 1816 851 1890 vacillans,
873 1819 910 1880 cf.
929 1819 1036 1882 Manil.
1132 1848 1134 1854 ·

54 1936 82 1994 2,
104 1917 161 1978 812
178 1934 238 1994 sq.;
258 1914 333 1976 Stat.
348 1913 455 1992 silv.4,
475 1932 504 1992 4,
525 1913 562 1988 76
582 1913 648 1976 iam
668 1923 696 1976 te
711 1947 744 1957 -
760 1911 823 1974 sibi
833 1911 945 1992 gloria
948 1912 1038 1992 felix

53 2009 169 2074 educat
185 2009 258 2070 libri
272 2010 397 2086 habent,
421 2007 476 2069 sed
490 2022 572 2068 recte
587 2007 791 2074 Marklandus
804 2007 902 2070 curia
936 2009 1038 2090 gloria

53 2105 145 2186 quod
167 2104 280 2166 dicitur
292 2112 476 2184 perpaucum
496 2100 599 2164 lucens
619 2118 649 2164 et
669 2121 824 2165 mansura
836 2113 899 2183 per
916 2123 1036 2178 aarum,
1050 2127 1076 2170 aa

53 2200 170 2262 climax
183 2198 323 2259 inversus
333 2215 514 2259 sermonem
526 2196 680 2274 debilitat;
696 2197 859 2260 coniunxit
873 2198 924 2260 ille
935 2198 1039 2261 lucens

53 2313 221 2366 mansura,
242 2308 272 2354 et
291 2292 333 2354 ita
346 2291 436 2373 quasi
456 2291 566 2353 fortius
584 2291 714 2372 aliquod
727 2292 927 2373 participium
942 2293 1038 2355 futuri

52 2411 92 2451 ex
114 2390 214 2450 verbo
232 2386 359 2449 lucendi
380 2386 492 2448 elicuit.
533 2386 666 2447 alterum
688 2402 733 2448 est
758 2396 789 2449 et
811 2386 869 2449 tibi
889 2385 960 2449 sede
980 2387 1038 2466 pia
1050 2409 1117 2452 sam

52 2487 93 2562 (v.
111 2485 168 2561 375
190 2481 346 2564 pausada)
372 2488 501 2544 maneat
518 2479 609 2552 locus,
637 2480 692 2542 ubi
717 2482 805 2562 quod
832 2491 859 2542 te
882 2481 1038 2561 expectari

52 2580 214 2656 dixerunt,
235 2577 314 2639 illud
334 2576 488 2658 significat
512 2575 620 2636 sedern
646 2575 678 2635 in
703 2577 868 2637 beatorum
888 2575 966 2637 locis
986 2575 1039 2637 fir-

52 2693 143 2736 mam
165 2688 196 2735 et
217 2672 431 2748 constitutam3
452 2669 497 2731 sic
511 2669 576 2732 fere
589 2668 746 2749 Vergilius
766 2677 894 2731 manent
911 2669 1039 2732 immota

50 2780 183 2830 morum
193 2767 273 2846 fata
285 2765 343 2828 tibi
360 2781 391 2828 et
404 2763 609 2827 consimiliter
623 2762 736 2824 Cicero
751 2761 831 2823 Phil.
846 2783 873 2839 2,
899 2785 927 2824 11
952 2765 1039 2827 cuius

49 2862 182 2944 quadem
201 2861 377 2941 tibifatum
396 2860 477 2922 sicut
497 2858 532 2923 C.
556 2855 691 2922 Curioni
707 2865 819 2918 manet.
860 2858 937 2920 haec
958 2878 1039 2938 quo-

49 2959 144 3019 niam
165 2957 205 3018 ad
227 2970 362 3017 mortem
376 2955 541 3035 pertinent,
562 2955 649 3015 bono
663 2951 770 3013 omine
784 2952 894 3031 pergit,
915 2953 1039 3033 sospitis

50 3053 163 3114 felices
194 3071 251 3132 per
280 3070 381 3112 annos
410 3049 490 3110 vitae
520 3047 709 3110 memoriam
740 3046 878 3108 futuram
906 3047 1039 3109 Octavio

49 3167 226 3229 augurans,
251 3146 330 3207 vitae
355 3144 473 3206 scilicet
498 3162 578 3222 quae
598 3150 701 3221 grata
726 3140 813 3203 bonis
836 3141 946 3218 luceat,
973 3160 1078 3204 nonu

47 3259 163 3323 gratae
185 3256 215 3302 et
235 3241 327 3302 bonis
347 3239 489 3315 lucentis,
512 3236 598 3318 quod
619 3235 759 3316 ineptum
782 3250 835 3296 est.

134 3336 280 3398 Perfecto
294 3333 458 3415 prooemio
479 3332 519 3394 ad
537 3331 641 3410 ipsum
656 3328 802 3390 carminis
816 3343 1039 3409 argumentum

47 3447 151 3512 poeta
172 3430 274 3511 pergit
293 3450 321 3490 v.
334 3449 383 3508 42.
423 3428 456 3489 in
477 3426 566 3488 initio
587 3439 693 3486 autem
714 3423 899 3485 narrationis
919 3424 1039 3504 aliquid
1052 3443 1078 3487 ta

48 3539 268 3607 peccaverunt
286 3523 413 3600 librarii,
434 3541 536 3602 neque
558 3519 643 3581 enim
660 3517 789 3579 meridie
810 3534 915 3600 pastor
935 3518 1039 3581 educit

47 3622 203 3704 capellas.
244 3634 274 3680 at
294 3618 372 3680 nihil
385 3618 471 3680 aliud
485 3615 660 3697 significare
675 3628 776 3694 potest
797 3612 954 3676 aetherias
974 3612 1040 3676 iam

854 3725 884 3778 3*
