2536 4200
103 1147 222 1254 Culex
242 1185 363 1266 Vergili
387 1200 481 1247 notus
512 1200 576 1246 erat
597 1184 727 1247 Lucano
754 1183 1003 1262 adulescentulo,

25 1281 87 1362 qui,
108 1297 143 1342 ut
161 1296 266 1343 narrat
286 1280 455 1343 Suetonius
475 1281 515 1360 (p.
529 1283 566 1342 5ο
580 1275 681 1357 Reiff.)
696 1278 898 1360 praefatione
923 1297 1002 1357 qua-

25 1375 97 1438 dam
126 1384 257 1436 aereum
285 1384 317 1436 et
342 1373 433 1437 inr'tt'rt
457 1393 516 1436 stra
542 1393 612 1436 cum
649 1369 786 1452 Vergilio
815 1381 1005 1452 comparans

25 1488 118 1530 ausus
131 1477 178 1530 est
188 1469 263 1549 (quo
277 1471 375 1531 verbo
389 1469 448 1530 nisi
465 1483 604 1530 uteretur
617 1468 799 1545 Suetonius,
813 1466 1001 1528 modestiam

25 1563 98 1624 dicti
117 1565 367 1644 agnosceremus)
387 1562 504 1626 dicere:
523 1572 555 1624 et
572 1572 722 1643 quantum
741 1560 823 1624 milri
844 1570 944 1624 restat
959 1557 1009 1622 ad

25 1656 171 1722 Culicem.
211 1677 291 1739 quae
313 1657 464 1738 praefatio
483 1672 587 1738 potest
606 1657 720 1737 scripta
741 1675 807 1717 esse
828 1656 892 1719 fere
913 1671 1002 1718 octo-

25 1753 107 1834 ginta
131 1752 220 1814 annis
240 1753 312 1834 post
326 1767 464 1815 mortem
481 1751 610 1832 Vergili,
634 1750 760 1812 saeculo
782 1764 854 1831 post
871 1750 903 1811 id
922 1764 1003 1811 tem-

25 1867 80 1910 ous
105 1867 169 1929 quo
192 1847 337 1909 Culicem
357 1866 376 1908 a
401 1845 542 1926 Vergilio
568 1844 718 1925 scriptum
740 1863 806 1906 esse
831 1843 1005 1906 Suetonius

24 1941 113 2004 :radit
127 1953 157 2022 p.
173 1943 209 2002 58
230 1941 267 2002 R.
308 1942 388 2002 inter
402 1940 522 2002 Lucani
543 1955 648 2001 autem
663 1955 693 2000 et
706 1938 839 2001 Suetoni
859 1953 1003 2018 tempora

24 2055 86 2098 ron
107 2035 207 2114 magis
233 2054 330 2116 quam
351 2034 396 2095 illi
426 2034 465 2095 de
492 2033 638 2094 carminis
663 2034 785 2115 origine
816 2032 1002 2094 dubitabant

24 2129 137 2194 itatius
158 2129 234 2207 (silu
261 2149 270 2190 1
299 2128 409 2210 praef.;
430 2148 458 2205 2,
478 2147 506 2208 7,
525 2129 574 2207 74)
596 2143 626 2190 et
649 2127 799 2190 Martialis
824 2128 862 2207 (8,
886 2128 931 2205 56,
951 2143 1005 2206 203

24 2245 65 2305 t4‚
88 2225 146 2300 85).
194 2238 288 2303 atque
308 2223 460 2304 primitias
485 2223 614 2305 quidem
639 2222 706 2284 illas
733 2241 799 2284 esse
829 2221 902 2284 artis
925 2221 1004 2284 Ver-

24 2321 155 2401 gilianae
180 2338 291 2381 omnes
312 2319 521 2397 consentiunt,
552 2338 570 2379 a
590 2332 683 2398 poeta
703 2336 770 2379 non
792 2317 929 2379 sedecim
948 2337 1004 2379 an·
1033 2370 1036 2377 .

24 2433 148 2491 rorum,
169 2430 204 2476 ut
223 2414 308 2496 apud
328 2413 518 2477 Suetonium
538 2412 661 2492 legitur,
687 2411 832 2473 Culicem
852 2412 1003 2493 scriptum

24 2531 85 2572 tsse
112 2509 229 2572 Statius
257 2509 373 2572 indicat
401 2527 476 2571 cum
501 2506 694 2569 Pharsaliam
719 2505 884 2568 Lucanum
915 2525 1005 2567 corn-

24 2602 163 2666 ›osuisse
184 2603 259 2667 dicit
282 2614 354 2667 ante
377 2621 477 2667 annos
502 2599 620 2666 Culicis
638 2599 834 2663 Maronami.
879 2616 1006 2664 contra-

24 2701 104 2762 ·ium
130 2699 347 2762 testimonium
373 2697 499 2762 nullum
523 2711 616 2773 extat,
645 2696 802 2776 siquidem
832 2695 1004 2758 testimonii

24 2813 92 2857 oco
114 2794 224 2856 haberi
245 2814 310 2856 non
325 2809 427 2875 potest
447 2791 536 2874 quod
556 2789 589 2853 in
602 2790 666 2852 vita
679 2790 785 2853 Valeri
798 2789 895 2852 Probi
916 2808 1005 2851 corn-

24 2889 177 2951 nentario
201 2889 371 2970 praemissa
391 2907 495 2969 neque
520 2886 604 2948 illius
628 2904 732 2965 neque
751 2883 887 2947 aliorum
907 2902 1004 2964 opus·

24 2984 170 3044 :ulorum
191 2982 332 3064 Vergilio
352 2983 561 3063 ascriptorum
581 2980 701 3043 mentio
722 2979 801 3041 facta
822 2992 876 3039 est
917 2976 1005 3057 atqui

24 3097 151 3141 :armen
171 3097 238 3139 non
258 3098 324 3140 esse
349 3097 368 3139 a
387 3077 527 3157 Vergilio
554 3071 705 3155 scripturn
730 3089 795 3135 tam
821 3087 906 3134 certo
927 3087 1006 3133 con-

26 3189 88 3249 tat,
120 3188 157 3235 ut
187 3171 293 3234 mirari
325 3171 453 3252 quidem
481 3171 572 3233 liceat
601 3168 819 3250 antiquitatem
844 3181 876 3229 et
895 3181 1006 3247 poetas

24 3287 174 3332 *omenes
194 3268 273 3329 falso
291 3267 421 3329 nomine
436 3264 594 3345 deceptos,
620 3263 763 3325 dubitare
784 3261 861 3342 quin
882 3260 1005 3342 decepti

24 3363 140 3426 'uerint
160 3379 226 3424 non
246 3362 345 3424 liceat
385 3361 466 3422 adeo
487 3375 518 3422 et
537 3377 642 3420 sermo
663 3358 803 3418 diversus
823 3371 906 3418 esta
926 3356 1006 3417 Ver-

24 3459 152 3540 giliano,
178 3475 293 3538 nempe
317 3459 470 3518 obscurus
498 3469 528 3516 et
548 3452 726 3534 impeditus,
752 3465 783 3512 et
801 3469 850 3512 ars
874 3449 1006 3527 diversa,

24 3571 51 3616 tr
75 3571 161 3633 quae
185 3551 225 3614 sit
244 3551 366 3614 astricta
385 3549 508 3631 legibus
527 3547 668 3629 Vergilio
688 3545 817 3627 ignotis3
842 3563 924 3628 quae
949 3545 1005 3626 qui

24 3667 123 3710 tuero
139 3661 261 3727 poetae,
281 3646 424 3728 quamvis
438 3648 476 3708 ab
491 3645 632 3708 eiusdem
648 3637 855 3705 adulescentis
875 3640 1006 3722 ingenio
