2370 4072
494 202 599 249 CVLEX

54 380 106 441 vel
127 379 231 441 salicis
252 381 354 443 lentae
374 383 425 443 vel
445 403 525 463 quae
547 405 628 448 nova
653 389 789 449 nascitur
809 390 908 469 alnus,

57 475 135 535 haec
157 490 280 537 teneras
302 477 450 538 fruticum
470 495 573 540 sentes
594 480 734 559 rimatur,
758 499 788 544 at
809 485 861 545 illa
997 477 999 480 ’

56 570 203 631 imminet
224 571 257 632 in
278 571 345 646 rivi,
365 574 549 653 praestantis
570 575 723 655 imaginis,
746 579 873 640 undam.

115 666 145 727 O
168 668 253 727 bona
273 667 405 748 pastoris
427 669 462 746 (si
483 669 553 749 quis
574 690 640 732 non
660 674 806 754 pauperis
826 694 920 737 usum

59 776 165 823 mente
185 761 273 843 prius
293 762 386 824 docta
406 763 541 826 fastidiat
561 780 591 826 et
614 768 728 847 probet
749 767 809 829 illis

59 857 166 919 omnia
183 857 329 919 luxuriae
349 858 466 939 pretiis)
487 859 648 940 incognita
668 862 750 922 curis

59 972 138 1033 quae
159 952 298 1014 lacerant
317 952 422 1014 avidas
442 952 571 1026 inimico
592 969 718 1034 pectore
739 962 872 1018 mentes!

59 1046 83 1107 si
103 1067 172 1108 non
192 1047 323 1128 Assyrio
345 1047 461 1109 fuerint
480 1047 528 1108 bis
548 1048 632 1110 lauta
653 1050 759 1112 colore

57 1142 200 1204 Attalicis
221 1143 335 1224 opibus
356 1143 427 1204 data
445 1143 571 1220 vellera,
591 1145 618 1204 si
637 1143 722 1205 nitor
741 1144 809 1205 auri

58 1239 115 1298 sub
137 1238 284 1318 laqueare
306 1237 421 1300 domus
442 1238 586 1301 animum
606 1259 673 1302 non
692 1256 786 1322 anget
806 1260 934 1303 avarum

59 1333 262 1413 picturaeque
283 1334 379 1394 decus
398 1332 541 1414 lapidum
562 1354 620 1395 nec
641 1335 747 1415 fulgor
767 1335 799 1397 in
820 1336 884 1397 ulla

59 1429 205 1508 cognitus
226 1428 357 1490 utilitate
378 1443 493 1506 manet,
515 1449 573 1492 nec
594 1430 708 1510 pocula
727 1448 852 1511 gratum

57 1522 189 1584 Alconis
210 1523 345 1585 referent
365 1522 542 1605 Boethique
562 1538 708 1586 toreuma
728 1545 786 1588 nec
808 1525 877 1587 Indi

59 1619 200 1680 conchea
221 1620 297 1680 baca
317 1617 413 1679 maris
433 1618 535 1699 pretio
557 1634 615 1680 est:
634 1634 665 1680 at
684 1635 812 1700 pectore
832 1641 913 1701 puro

57 1733 149 1794 saepe
169 1732 266 1793 super
285 1728 394 1774 tenero
414 1713 581 1792 prosternit
601 1714 743 1793 gramine
765 1734 889 1794 corpus,

57 1808 171 1870 florida
192 1827 266 1869 curn
285 1807 387 1884 tellus,
407 1807 595 1888 gemmantis
617 1808 698 1887 picta
719 1827 775 1889 per
795 1809 915 1883 herbas,

56 1924 129 1966 vere
150 1918 239 1966 notat
259 1902 345 1964 dulci
365 1902 508 1964 distincta
528 1902 689 1965 coloribus
709 1921 795 1979 arva;

55 2013 150 2078 atque
171 1996 273 2074 illum,
294 1997 415 2059 calamo
435 1998 553 2059 laetum
574 1997 733 2059 recinente
752 1999 882 2077 palustri

48 2089 185 2173 fotiaque
205 2092 323 2154 invidia
343 2092 512 2173 degentem
532 2107 563 2154 et
583 2092 692 2154 fraude
713 2109 835 2155 remota

55 2189 294 2267 pollentemque
314 2187 374 2248 sibi
392 2187 485 2249 viridi
505 2207 579 2249 cum
599 2187 727 2268 palmite
748 2189 856 2250 lucens

55 2282 185 2344 Tmolia
204 2281 376 2363 pampineo
393 2285 502 2345 subter
522 2302 614 2344 coma
633 2284 715 2344 velat
734 2283 865 2359 amictu;

55 2377 99 2439 illi
119 2393 194 2439 sunt
213 2392 320 2457 gratae
340 2393 481 2440 rorantes
500 2378 579 2439 lacte
601 2378 739 2458 capellae

56 2487 85 2533 et
105 2490 220 2533 nemus
240 2486 271 2533 et
291 2471 427 2534 fecunda
447 2473 538 2534 Pales
558 2487 589 2535 et
608 2473 741 2533 vallibus
762 2472 845 2533 intus

54 2585 181 2647 semper
200 2586 299 2647 opaca
318 2566 409 2628 novis
429 2565 588 2627 manantia
609 2565 749 2626 fontibus
769 2580 866 2627 antra.

55 2661 124 2741 quis
145 2661 246 2742 magis
267 2676 375 2743 optato
396 2675 490 2741 queat
511 2680 577 2722 esse
598 2659 718 2721 beatior
738 2679 826 2738 aevo,

55 2776 152 2837 quarn
172 2756 229 2837 qui
249 2771 355 2818 mente
375 2756 488 2836 procul
508 2774 587 2836 pura
606 2775 765 2836 sensuque
785 2753 951 2835 probando

55 2873 119 2914 non
141 2852 247 2915 avidas
267 2851 396 2933 agnovit
416 2870 492 2932 opes
514 2871 571 2912 nec
591 2850 689 2912 tristia
711 2851 792 2911 bella

54 2967 111 3009 nec
132 2946 258 3008 funesta
276 2947 366 3009 timet
385 2946 506 3008 validae
527 2945 697 3007 certamina
718 2945 822 3007 classis

56 3062 122 3120 nec,
144 3041 255 3123 spoliis
275 3042 354 3103 dum
374 3056 480 3102 sancta
500 3040 596 3101 deum
617 3039 809 3119 fulgentibus
830 3051 921 3098 ornet

53 3137 172 3218 templa
192 3137 244 3198 vel
264 3150 389 3199 evectus
410 3135 509 3197 finem
525 3122 725 3197 'transcendat
746 3131 893 3208 habendi,

54 3231 224 3293 adversum
243 3231 342 3293 saevis
364 3231 448 3292 ultro
469 3245 562 3311 caput
582 3228 726 3292 hostibus
747 3226 853 3297 offert?
1033 3249 1059 3293 at

101 3415 128 3460 55
148 3403 210 3449 haee
223 3403 302 3448 salicis
339 3404 367 3457 64
384 3402 471 3449 domus
488 3410 599 3456 exemto:
613 3401 699 3446 domos
751 3398 813 3454 angit
858 3397 885 3451 (η
899 3397 1008 3453 boetique

53 3474 172 3533 (testique
185 3475 214 3527 B)
261 3485 285 3527 7¹
300 3472 365 3519 dulci
378 3480 488 3526 excerpta:
508 3472 583 3516 dulcis
626 3483 653 3529 73
666 3477 690 3516 et
705 3475 816 3520 excerpta.-
837 3480 876 3509 ont
924 3466 949 3523 83
963 3477 1008 3511 nec

53 3551 162 3598 coopto:
176 3554 226 3586 non
272 3543 356 3590 84nec
407 3541 552 3587 transcendit

825 3624 853 3676 1*
