2370 4072
156 208 209 270 105
506 206 766 254 cosnremamvs

150 408 223 450 rum
250 389 327 449 haec
356 407 438 468 quae
468 388 639 451 dormienti
667 389 754 467 dico,
783 389 939 470 vigilanti,
968 389 993 449 si
1023 402 1114 449 tamen

150 481 375 555 recordabitur,
398 483 523 544 somnia
548 498 648 546 erunt
690 485 747 545 sed
769 484 964 546 vocabulum
989 482 1112 564 quodin

149 575 243 638 uades
270 576 381 639 abiisse
411 579 574 658 probabile
604 580 643 642 sit
672 599 738 642 non
767 578 904 641 invenio.
959 578 1113 641 Vossianus

150 673 278 752 praebet
291 670 454 748 drint'ttcre,
475 673 563 752 quod
582 675 614 736 in
628 676 688 737 hac
700 673 845 736 carminis
858 688 946 754 parte
961 669 1112 736 memorari

97 782 137 828 sat
150 765 253 837 debet,
272 766 344 828 licet
364 767 444 828 nihil
457 767 564 848 prosit
597 788 626 826 v.
641 767 697 829 383
711 767 881 848 rapt'aubtr
893 767 1008 830 Bembi
1021 786 1112 830 emen·

149 860 235 921 datio
256 861 428 922 necessaria
452 878 506 933 est,
531 881 658 923 versum
682 861 844 943 transponi
869 881 945 925 curn
970 863 1111 944 Scaligero

149 955 214 1034 (qui
229 955 331 1016 cidem
350 956 491 1017 adiunxit
504 956 599 1018 etiam
612 977 641 1016 v.
655 958 819 1034 258-2607
843 975 902 1019 nec
918 955 1112 1019 necessarium

149 1067 252 1127 neque
273 1049 341 1111 ullo
361 1051 460 1113 modo
479 1050 742 1114 commendabile.

228 1143 358 1206 Recedit
383 1146 473 1207 culex
497 1166 669 1226 numquam
693 1143 853 1207 reditum
881 1144 976 1225 plane
1006 1159 1040 1206 ut
1067 1145 1112 1205 Pa-

148 1237 266 1299 troclus
292 1235 438 1317 11175013
463 1242 526 1324 γὰρ
553 1241 597 1304 ἔτ’
625 1231 717 1316 αὖτις
746 1243 897 1321 virimar
929 1239 966 1317 ἔξ
996 1240 1111 1314 Ἀίδαο,

146 1333 230 1418 ἐπήν
250 1359 290 1416 με
313 1335 418 1418 πυρὸς
439 1335 602 1419 λελάχητε,
626 1335 683 1396 sed
697 1335 736 1396 de
753 1333 841 1395 iustis
853 1332 1025 1396 reddendis
1037 1334 1111 1395 nullo

146 1429 245 1489 verbo
266 1445 384 1506 monet,
409 1445 443 1490 ut
463 1428 609 1491 vidimus
648 1445 754 1490 tamen
780 1428 821 1489 ad
844 1427 965 1491 funeris
985 1428 1111 1491 officium

145 1522 251 1584 statim
270 1539 377 1604 pastor
396 1523 516 1586 accedit
536 1540 566 1585 et
586 1523 683 1586 finem
703 1524 798 1584 habet
817 1542 945 1584 carmen
965 1522 1000 1584 in
1013 1519 1111 1585 tumuli

146 1617 311 1679 extruendi
336 1618 545 1699 descriptione
573 1618 647 1679 satis
677 1618 759 1679 bella
788 1636 934 1698 quaeque
965 1637 984 1679 a
1011 1613 1111 1680 Moreti

145 1711 343 1792 simplicitate
363 1728 394 1773 et
413 1712 563 1774 suavitate
583 1731 648 1774 non
662 1732 792 1794 prorsus
809 1713 987 1775 abhorreat
1025 1732 1052 1773 v.
1067 1709 1111 1772 385

93 1823 134 1868 ass
146 1805 261 1868 mabit
280 1806 373 1880 ta'tae,
394 1823 428 1869 ut
448 1807 525 1868 dixit
538 1806 743 1871 Marklandus
761 1806 803 1868 ad
822 1806 899 1869 Stat.
912 1806 981 1869 silv.
1001 1826 1063 1887 r,4,
1077 1807 1113 1883 57,

145 1922 278 1963 somnus
298 1918 353 1978 est,
374 1901 452 1964 lucis
470 1921 594 1982 reptoes
611 1901 788 1963 secundum
808 1901 963 1963 Senecam
984 1897 1113 1982 (Herel-

92 2016 132 2061 tat
150 1999 242 2074 1073).
283 1997 322 2058 de
343 2018 372 2057 v.
387 1998 444 2076 390
463 1996 535 2057 vide
552 1995 673 2075 ad3o7,
694 1995 733 2058 de
753 1998 851 2058 verbo
872 1996 962 2078 quod
982 2013 1030 2060 est
1047 1991 1117 2077 capti

146 2093 198 2170 391
226 2092 315 2153 adv.
331 2111 403 2170 044;
433 2089 541 2171 circipr‘t
563 2110 602 2152 ne
628 2089 777 2153 scriberet
802 2104 940 2152 metrum
964 2088 1117 2173 prohibuit

90 2200 131 2247 tat
144 2187 214 2265 (394
233 2185 404 2265 exceptam).
449 2207 477 2246 v.
499 2186 554 2264 390
580 2184 657 2266 quid
680 2185 741 2247 sibi
765 2184 840 2246 velit
853 2185 951 2264 ferri
971 2185 1118 2268 captatum,

143 2298 209 2359 quo
238 2298 312 2340 sane
338 2299 434 2342 nemo
465 2296 579 2341 terram
609 2278 698 2357 fodit,
728 2279 851 2361 assequi
880 2299 947 2341 non
977 2299 1118 2362 possum;

144 2391 347 2456 expectamus
365 2373 480 2455 pahmt
504 2373 553 2450 (cf.
574 2373 703 2436 Colum.
727 2395 770 2453 xo,
789 2376 848 2454 45),
879 2373 939 2435 nisi
970 2374 1052 2438 forte
1076 2375 1119 2436 in·

140 2483 354 2530 strumentum
384 2467 515 2548 aliquod
542 2467 725 2548 pastoriciae
752 2467 817 2530 sive
850 2468 1043 2531 domesticae
1072 2488 1120 2530 su·

141 2563 305 2644 pellectilis
318 2562 519 2625 nominatum
533 2577 598 2624 erat
611 2563 700 2643 quod
703 2562 799 2642 ferri
808 2562 842 2624 in
851 2582 943 2625 tuum
956 2563 1119 2646 repetierit,

139 2659 226 2720 velut
245 2658 348 2719 trulla.
389 2675 466 2736 ergo
493 2676 532 2717 ne
557 2657 702 2738 sequenti
728 2657 859 2738 quidem
884 2675 977 2718 versu
1002 2673 1119 2722 certum

141 2768 186 2815 est
206 2752 320 2815 Bembi
339 2750 596 2832 supplementum
616 2761 659 2826 ut,
679 2752 767 2833 quod
781 2749 895 2813 Birtius
913 2751 972 2812 ls.
994 2770 1120 2834 propter

139 2847 368 2928 synaloepham
389 2846 592 2927 improbavit;
608 2846 700 2926 sada
716 2856 748 2909 et
764 2865 832 2908 non
850 2843 1030 2908 admodum
1049 2866 1120 2928 pro

141 2941 244 3004 babile
265 2958 311 3005 est
331 2942 413 3004 inter
426 2943 521 3003 verba
539 2961 620 3022 quae
640 2955 714 3002 sunt
732 2938 875 3021 repetrin't
892 2953 923 3000 et
942 2941 1118 3004 cumulwit

59 3037 192 3103 attrahic
218 3036 313 3117 igitur
339 3051 385 3099 est
411 3036 515 3116 operis
538 3055 736 3118 progressus:
766 3034 906 3115 primum
929 3032 1032 3098 lactem
1055 3055 1119 3099 con·

98 3181 104 3187 .
128 3130 282 3209 fornum
308 3130 416 3212 incipit
437 3146 467 3193 et
487 3130 617 3212 quidem
642 3129 675 3191 t'n
698 3128 805 3191 orbem
824 3127 961 3191 destrimt
977 3129 996 3191 i.
1020 3151 1046 3193 e
1066 3131 1119 3192 de·

137 3225 252 3302 scribit,
278 3240 427 3302 metatur;
458 3224 626 3287 cf.ManiL
647 3243 675 3302 2,
696 3225 752 3303 773
783 3222 923 3286 cmzdtlor
952 3232 985 3286 et
1007 3245 1119 3288 vacuos

136 3319 240 3380 muris
268 3318 466 3383 circumdare
494 3317 586 3382 colles
615 3317 749 3381 destituit
781 3328 853 3381 anre
882 3337 997 3381 manus
1026 3339 1117 3402 quam

136 3420 260 3493 temptet
268 3412 535 3493 rcmderefossas7
548 3429 617 3475 tum
627 3427 743 3474 terram
753 3412 861 3474 effodit
871 3431 1117 3496 congestamque

137 3507 278 3568 cumulat
298 3523 391 3587 atque
412 3528 526 3588 aggere
547 3507 763 3570 circumducto
788 3510 900 3571 orbem
923 3510 1116 3590 praeforma-
