2536 4200
247 317 280 378 16
616 317 847 364 connnnraan

240 498 343 561 aliena
357 497 428 575 sint,
442 497 596 578 imputare
611 516 675 559 uon
687 498 817 575 dubitet,
832 497 1036 579 prohibeatur
1049 500 1232 564 imitatione
1256 495 1257 558 l

242 593 406 656 manifesta
436 593 655 655 bucolicorum
684 595 907 675 georgicorum
940 595 1099 673 Aeneidis,
1138 589 1257 658 cuius

240 690 366 770 singula
391 689 535 768 exempla
554 687 606 749 hic
624 687 817 768 praecepisse
835 688 907 750 satis
922 688 988 768 erit,
1009 689 1048 750 de
1070 691 1232 753 bucolicis
1256 737 1257 744 κ

242 805 271 846 v.
286 803 352 864 292,
373 783 411 844 de
430 782 585 864 georgicis
598 802 627 843 v.
641 782 677 843 58
690 802 746 863 sq,
766 783 805 844 de
819 783 961 846 Aeneide
978 804 1006 843 v.
1026 802 1087 863 179.
1130 801 1231 866 atque
1256 857 1257 862 γ

241 880 308 962 ipse
322 875 525 955 Ribbeckius,
551 876 605 957 qui
632 875 787 957 originem
808 878 1021 959 Vergilianam
1046 880 1078 940 in
1103 900 1231 962 appen-
1256 887 1257 932 l

241 973 319 1035 dicis
352 971 586 1053 prolegomenis
618 971 812 1049 defenderat,
846 973 1002 1036 diversam
1035 975 1232 1037 sententiam

242 1068 320 1130 dixit
333 1086 434 1148 nuper
447 1066 480 1128 in
490 1066 593 1147 poesis
603 1066 718 1128 latinae
729 1066 859 1130 historia
872 1068 1000 1146 (volum.
1013 1088 1030 1130 2
1045 1088 1075 1150 p.
1088 1069 1148 1150 349
1160 1073 1231 1151 sq.).

240 1162 378 1244 quodsi
402 1161 472 1243 quis
492 1162 542 1222 vel
567 1161 664 1222 alium
688 1161 783 1223 fuisse
803 1162 923 1242 Vergili
943 1163 1088 1225 Culicem
1112 1165 1166 1226 vel
1189 1168 1231 1227 ab

242 1259 467 1340 interpolatore
491 1255 717 1337 amplificatum
742 1257 828 1318 hunc
854 1276 950 1337 quem
974 1274 1118 1320 tenemus
1148 1280 1232 1323 con-

242 1352 363 1429 tendat,
394 1370 460 1412 non
490 1366 634 1414 nostrum
661 1366 707 1412 est
737 1350 950 1413 coniecturam
981 1352 1081 1414 lacere
1112 1353 1139 1414 si
1172 1355 1232 1434 qui

243 1460 369 1509 narrent
389 1445 482 1507 nobis
502 1444 579 1526 quid
603 1446 835 1508 somniaverint.
876 1465 952 1526 ergo
976 1448 1159 1529 suppositus
1181 1466 1232 1512 est

241 1541 382 1622 Vergilio
410 1540 512 1601 Culex
537 1541 623 1618 (nam
646 1539 713 1601 sine
740 1539 849 1603 fraude
877 1543 1012 1604 auctoris
1041 1563 1107 1605 non
1132 1543 1229 1606 facile

242 1635 388 1697 homines
408 1635 491 1698 illius
507 1635 576 1697 aevi
590 1655 716 1697 carmen
731 1634 871 1716 Vergilio
891 1637 1080 1716 tribuissent)
1102 1653 1133 1699 et
1154 1655 1228 1720 post

243 1746 379 1792 mortem
398 1730 529 1810 quidem
547 1729 666 1811 Vergili
685 1729 880 1811 suppositus3
901 1731 1086 1793 certioribus
1107 1731 1227 1794 finibus

239 1825 388 1888 carminis
413 1840 538 1905 tempus
562 1825 728 1906 quomodo
754 1825 889 1887 describi
908 1825 1006 1907 possit
1029 1844 1095 1888 non
1119 1827 1226 1904 vide0,
1256 1871 1257 1910 5

241 1920 301 1982 nisi
322 1919 409 2002 quod
429 1920 519 1982 annis
539 1940 606 1982 non
619 1921 727 2001 paucis
747 1935 817 1982 ante
839 1921 959 1983 Lucani
977 1920 1226 1984 adulescentiam

241 2015 362 2077 editum
383 2034 449 2076 esse
476 2013 577 2075 debet.
632 2034 698 2076 non
717 2014 790 2076 licet
809 2015 905 2095 igitur
930 2015 969 2077 de
993 2030 1225 2096 temporetam

239 2109 357 2172 recenti
378 2108 515 2188 cogitare
536 2127 633 2188 quam
654 2108 754 2170 facere
778 2110 902 2172 videtur
921 2109 1066 2171 Hehnius
1087 2109 1120 2171 in
1141 2110 1224 2172 libro
1256 2187 1257 2190 Ἴ

242 2205 281 2265 de
307 2203 452 2284 plantatis
476 2217 507 2263 et
530 2203 693 2283 pascendis
720 2223 749 2283 p.
772 2205 827 2282 539
848 2205 897 2280 (cf.
920 2204 960 2266 ad
978 2225 1011 2265 v„
1021 2207 1099 2284 402).
1140 2221 1223 2268 certe

173 2297 174 2302 ’
238 2297 434 2379 synaloepha
454 2296 548 2358 vitata
567 2313 689 2376 praeter
703 2298 813 2360 breves
826 2301 950 2361 vocales
967 2320 1034 2362 non
1048 2302 1223 2363 necessario

238 2391 280 2452 ad
294 2390 477 2452 Neroniana
491 2404 634 2471 tempora
648 2411 706 2452 nos
721 2392 816 2471 ducit,
835 2393 995 2473 siquidem
1007 2395 1146 2456 severius
1160 2395 1223 2457 iam

170 2522 172 2526 -
241 2485 392 2546 Horatius
406 2485 469 2566 egit
482 2485 516 2547 in
530 2486 658 2567 epodon
671 2500 758 2548 sexto
774 2486 912 2564 decimo;
936 2504 1103 2569 poetarum
1116 2505 1223 2551 autem

242 2580 329 2661 quod
347 2579 399 2641 ille
418 2580 602 2643 Lucretium
623 2579 785 2641 Catullum
804 2580 989 2662 Vergilium,
1013 2583 1154 2662 Vergilio
1176 2604 1224 2644 re-

240 2674 415 2736 centiorem
436 2676 561 2737 nullum
582 2674 767 2756 expressisse
786 2675 912 2738 videtur
935 2678 1020 2755 (nam
1045 2678 1084 2739 de
1106 2678 1222 2740 Ovidio
1256 2743 1257 2758 ,

241 2789 289 2830 res
310 2769 436 2846 incerta,
458 2769 495 2830 cf.
516 2768 633 2830 Birtius
654 2769 693 2830 ad
714 2769 783 2831 hist.
805 2770 874 2832 hex.
895 2771 946 2832 lat.
965 2790 1001 2850 41
1030 2787 1062 2834 et
1079 2773 1224 2834 Bueche-
1256 2767 1257 2776 ¹

240 2864 324 2925 lerus
351 2883 430 2925 mus.
451 2864 553 2926 Rhen.
571 2866 620 2942 45,
642 2864 699 2942 324
723 2880 855 2945 ecquae
878 2865 918 2927 ad
938 2886 966 2927 v.
982 2868 1046 2929 323.
1070 2867 1136 2928 328.
1157 2867 1222 2928 332.

243 2959 299 3038 399
314 2958 470 3037 dicemus;
490 2978 549 3020 nec
560 2958 749 3039 persuadent
763 2978 843 3039 quae
858 2960 897 3021 de
911 2961 1077 3042 Propertio
1090 2960 1222 3024 Tibullo

242 3053 407 3134 Lygdamo
438 3053 540 3115 attulit
569 3052 685 3114 Birtius
715 3055 733 3116 l.
755 3075 778 3116 s.
810 3069 840 3115 et
870 3055 910 3116 de
935 3055 1072 3117 Halieut.
1095 3072 1134 3133 47
1156 3058 1221 3136 sq.),

241 3164 344 3229 potest
363 3149 531 3211 consilium
551 3163 663 3228 poetae
683 3147 716 3209 in
730 3166 822 3210 causa
839 3168 914 3228 esse,
935 3169 1001 3211 non
1022 3164 1115 3212 aetat.
1156 3170 1221 3212 non

241 3262 300 3323 ego
329 3244 407 3305 haec
437 3243 510 3305 ideo
541 3242 612 3304 dico
643 3242 717 3323 quia
747 3262 764 3304 a
793 3243 913 3322 Vergili
941 3258 1041 3306 aetate
1068 3259 1221 3325 quantum

241 3352 344 3417 potest
362 3357 488 3400 carmen
506 3337 737 3399 removendum
757 3357 824 3398 esse
845 3357 1003 3415 censeam;
1023 3336 1123 3398 immo
1145 3339 1220 3418 quid

240 3430 374 3492 sentiam
388 3432 413 3492 si
427 3431 598 3493 dicendum
612 3445 667 3509 est,
680 3450 747 3492 non
759 3430 860 3494 multo
871 3447 942 3512 post
952 3431 1072 3512 Vergili
1085 3447 1219 3494 mortem

242 3544 369 3587 carmen
388 3525 540 3604 scriptum
562 3545 628 3587 esse
647 3524 754 3586 iudico
774 3540 814 3601 et,
841 3524 867 3586 si
886 3545 942 3607 per
963 3525 1130 3588 exordium
1150 3527 1220 3589 licet

241 3618 292 3695 (de
313 3638 378 3699 quo
399 3618 471 3679 vide
491 3617 591 3696 infra),
612 3633 682 3679 ante
704 3633 839 3680 mortem
859 3620 1003 3699 Augusti.
