2422 4080
469 286 576 333 CVLEX

17 467 75 529 hic
99 466 192 528 Fabii
213 466 374 547 Deciique,
396 467 447 529 hic
467 483 513 530 est
533 484 563 531 et
583 469 715 531 Horatia
734 467 840 543 virtus,

17 562 76 622 hic
99 576 130 622 et
152 561 236 622 lama
255 577 352 637 vetus,
373 581 548 645 numquam
569 564 730 641 moritura,
752 563 887 640 Camilli,

17 655 159 743 Curtius¹
180 671 219 729 et,
241 656 352 718 mediis
372 676 468 737 quem
490 659 653 739 quondam
673 658 799 720 sedibus
821 657 906 719 urbis

20 751 183 813 devotum
203 753 322 832 pallens
343 753 538 833 consumpsit
558 774 674 834 gurges
694 754 727 815 in
748 753 841 830 unda,

19 846 156 907 Mucius
177 862 208 907 et
228 847 366 927 prudens
386 840 532 909 ardorem
554 867 686 929 corpore
707 868 825 928 passus,

19 940 170 1021 legitime
186 935 282 1003 ¹cessit
301 941 354 1002 cui
374 941 469 1004 fracta
490 943 630 1022 potentia
649 942 744 1022 tegis;

20 1035 77 1097 hic
100 1035 220 1097 Curius
241 1036 341 1097 clarae
361 1035 465 1097 socius
485 1037 607 1097 virtutis
629 1051 659 1098 et
680 1036 731 1097 ille

24 1130 243 1208 †Flaminius,
264 1131 373 1192 devota
393 1130 479 1192 dedit
499 1131 554 1212 qui
575 1151 708 1211 corpora
728 1132 874 1194 flammae

19 1227 106 1305 (iure
130 1225 227 1306 igitur
245 1227 322 1288 tales
342 1227 441 1302 sedes,
463 1225 584 1306 pietatis
605 1227 766 1303 honores),

21 1320 257 1401 Scipiadaeque
277 1322 382 1397 duces,
404 1341 542 1402 quorum
564 1322 677 1384 devota
697 1322 864 1403 triumphis

21 1416 158 1478 moenia
183 1416 321 1497 †rapidis
343 1416 480 1497 Libycae
501 1417 698 1498 Carthaginis
720 1418 857 1478 horrent.

20 1511 71 1572 illi
94 1510 190 1571 laude
209 1530 266 1572 sua
286 1511 424 1592 vigeant:
446 1531 506 1592 ego
528 1512 607 1574 Ditis
628 1532 744 1593 opacos

20 1624 129 1685 cogor
149 1604 235 1667 adire
255 1607 350 1685 lacus,
371 1606 494 1684 viduos,
516 1627 542 1680 a,
563 1606 682 1667 lumine
704 1607 836 1681 Phoebi,

20 1716 54 1763 et
76 1715 204 1761 vastum
224 1701 455 1782 Phlegethonta
474 1701 548 1782 pati,
569 1720 643 1781 quo,
668 1701 803 1761 maxime
824 1699 938 1774 Minos,

20 1796 240 1857 conscelerata
260 1795 312 1875 pia
332 1796 481 1858 discernis
501 1796 627 1857 vincula
646 1795 728 1856 sede.

22 1910 105 1972 ergo
128 1890 192 1951 iam
213 1910 339 1971 causam
360 1890 479 1966 mortis,
500 1891 563 1951 iam
584 1890 687 1950 dicere
708 1888 788 1949 vitae

20 1985 213 2048 verberibus
233 2006 343 2047 saevae
363 2000 482 2066 cogunt
501 1988 560 2046 sub
581 1984 684 2044 iudice
705 1984 840 2061 Poenae,

23 2100 105 2151 cum
127 2080 205 2141 mihi
225 2094 260 2141 tu
280 2080 322 2141 sis
343 2099 435 2142 causa
455 2080 530 2141 mali
550 2099 609 2140 nec
629 2078 773 2140 conscius
793 2079 888 2157 adsis;

23 2176 85 2237 sed
105 2175 322 2236 tolerabilibus
343 2174 424 2236 curis
444 2175 521 2235 haec
542 2172 711 2234 immemor
730 2172 829 2250 audis,

25 2286 58 2333 et
79 2286 187 2331 tamen
207 2285 243 2331 ut
268 2269 378 2333 †vadis
399 2269 536 2330 dimittes
556 2267 663 2328 omnia
683 2269 791 2329 ventis.

26 2364 194 2445 digredior
213 2383 390 2446 numquam
410 2364 582 2425 rediturus:
604 2379 638 2424 tu
659 2365 727 2424 cole
749 2363 840 2426 fontis

26 2475 58 2522 et
79 2459 187 2521 viridis
208 2479 378 2522 nemorum
397 2459 489 2520 silvas
511 2474 541 2520 et
561 2478 676 2538 pascua
696 2459 808 2534 laetus;

26 2571 58 2616 et
80 2574 152 2615 mea
173 2553 300 2621 diffusas
320 2554 481 2635 rapiantur
501 2554 583 2615 dicta
602 2573 658 2633 per
677 2553 784 2614 auras'

26 2648 117 2726 dixit,
137 2665 168 2710 et
188 2666 326 2712 extrema
346 2649 439 2712 tristis
460 2668 534 2711 cum
554 2668 632 2709 voce
653 2649 787 2709 recessit.

87 2744 183 2806 Hunc
204 2744 260 2806 ubi
279 2742 449 2805 sollicitum
471 2743 588 2804 dimisit
611 2743 721 2805 inertia
745 2741 834 2818 vitae,

27 2839 160 2900 interius
180 2839 314 2918 graviter
334 2854 556 2917 regementem,
578 2857 637 2898 nec
657 2838 728 2898 tulit
748 2837 827 2897 ultra

27 2932 173 2995 sensibus
193 2933 335 2994 infusum
355 2932 464 2993 culicis
485 2933 523 2993 de
544 2946 646 2992 morte
671 2930 824 3007 dolorem,

28 3043 324 3109 quantumcumque
344 3027 405 3089 sibi
424 3027 505 3089 vires
526 3027 662 3087 tribuere
683 3025 795 3085 seniles

30 3123 111 3204 (quis
132 3139 239 3184 tamen
259 3121 408 3185 infestum
429 3141 574 3203 pugnans
596 3119 750 3180 devicerat
771 3119 914 3194 hostem),

30 3219 133 3279 rivum
154 3231 283 3297 propter
303 3237 402 3298 aquae
423 3217 514 3277 viridi
535 3218 592 3276 sub
615 3214 727 3275 fronde
748 3214 895 3273 latentem
1009 3236 1047 3278 390

81 3417 118 3474 36ι
134 3417 211 3461 oratio
259 3416 298 3472 362
317 3429 382 3460 mora
397 3414 459 3459 melli
507 3413 545 3469 363
565 3411 656 3454 medius
704 3410 743 3466 364
757 3409 822 3452 bellis
870 3410 982 3468 366facta

36 3483 221 3540 368flamminius
254 3485 366 3542 3691alis‚
386 3481 667 3541 370istarumpiadasque
702 3492 741 3536 374
751 3477 850 3522 maxima
885 3477 982 3534 37366-

38 3553 105 3598 cernit
152 3554 192 3610 376
212 3567 349 3611 ergoquam
400 3552 490 3596 discere
547 3562 585 3607 377
605 3549 633 3592 ab
684 3548 723 3605 378
745 3547 858 3602 malignae
872 3548 982 3590 conscius

39 3631 73 3677 379
84 3623 227 3668 tolerabilius
266 3623 304 3679 383
318 3623 439 3679 rapiuntur
478 3633 517 3678 390
530 3626 621 3676 praeter
636 3621 653 3658 B
