2370 4072
230 302 248 342 2
641 279 746 323 crux

176 483 204 527 25
230 462 341 523 Octavi
360 461 548 523 venerande
569 461 647 522 meis
667 462 813 521 adlabere
834 461 962 540 coeptis.

229 572 334 617 sancte
355 575 448 636 puer:
469 555 526 614 tibi
546 574 683 634 namque
705 556 788 616 canit
808 574 874 615 non
895 557 1009 635 pagina
1030 557 1153 616 bellum

230 652 314 712 triste
336 651 417 711 lovis
437 650 591 730 ponitque

231 746 376 824 Phlegra
396 743 554 824 Giganteo
572 762 678 823 sparsa
697 761 743 804 est
763 763 844 824 quae
865 745 1018 823 sanguine
1039 745 1143 807 tellus.

230 860 289 901 nec
309 839 505 900 Centaureos
525 838 674 916 Lapithas
694 839 855 918 compellit
875 839 907 899 in
928 859 1033 903 enses:

178 956 205 1000 at
231 935 293 995 urit
311 933 534 994 Erichthonias
553 933 668 994 Oriens
691 953 757 994 non
778 934 904 1013 ignibus
923 954 1023 995 arces:

231 1049 297 1091 non
317 1028 476 1110 perfossus
495 1029 598 1090 Athos
618 1050 677 1091 nec
697 1050 815 1110 magno
834 1029 959 1090 vincula
979 1047 1080 1109 ponto

231 1124 310 1185 iacta
330 1142 403 1185 meo
423 1139 584 1204 quaerent,
604 1123 668 1184 iam
687 1145 764 1195 sera,
788 1124 950 1185 volumine
972 1125 1100 1199 famam,

231 1237 297 1279 non
318 1217 542 1299 Hellespontus
562 1220 696 1299 pedibus
716 1221 857 1300 pulsatus
877 1239 1043 1300 equomm

231 1312 363 1375 Graecia
383 1331 457 1374 cum
477 1313 582 1374 timuit
602 1314 755 1375 venientis
776 1315 916 1394 undique
939 1314 1061 1375 Persas:

179 1429 206 1474 as
231 1408 341 1469 mollia
360 1407 416 1468 sed
435 1408 523 1468 tenui
541 1408 622 1488 pede
643 1429 767 1470 currere
789 1409 936 1483 carmina,
956 1428 1048 1469 versu

230 1503 350 1564 viribus
368 1517 441 1583 apta
459 1503 524 1563 suis
544 1503 677 1564 Phoebo
698 1503 778 1565 duce
798 1502 908 1564 ludere
928 1503 1053 1582 gaudet

231 1598 293 1659 hoc
312 1597 379 1675 tibi,
398 1612 504 1658 sancte
524 1617 617 1678 puer:
638 1597 852 1658 memorabilis
873 1614 903 1658 et
924 1597 981 1657 tibi
1001 1614 1098 1659 certet

230 1693 341 1774 gloria,
361 1708 550 1774 perpetuum
570 1692 680 1753 lucens
700 1712 848 1753 mansura
869 1712 925 1771 per
945 1713 1069 1760 aevum,

231 1805 263 1850 et
280 1788 338 1865 tibi
358 1788 432 1849 sede
452 1787 504 1869 pia
524 1804 650 1848 maneat
668 1788 768 1865 locus,
791 1804 821 1848 et
842 1788 897 1848 tibi
917 1808 1025 1867 sospes

178 1902 206 1945 ω
231 1882 337 1944 debita
357 1881 455 1944 felicis
475 1897 671 1944 memoretur
689 1883 751 1944 vita
771 1902 828 1963 per
848 1901 957 1951 annos,

230 1993 319 2058 grata
338 1976 430 2038 bonis
449 1976 567 2038 lucens.
607 1976 663 2037 sed
684 1997 742 2038 nos
762 1976 802 2038 ad
823 1992 933 2058 coepta
954 1978 1102 2038 feramur.

291 2073 405 2152 lgneus
423 2070 576 2132 aetherias
595 2071 659 2132 iam
678 2071 735 2134 Sol
755 2075 936 2152 penetrabat
956 2071 988 2131 in
1009 2091 1095 2132 arces

233 2166 429 2247 candidaque
448 2180 558 2227 aurato
580 2166 738 2247 quatiebat
758 2167 879 2228 lumina
900 2186 1003 2239 curru,

233 2261 372 2323 crinibus
393 2276 423 2322 et
443 2261 541 2322 roseis
561 2262 705 2323 tenebras
726 2266 851 2324 Aurora
872 2262 1006 2343 fugarat:

180 2374 208 2418 u
234 2355 373 2436 propulit
393 2375 410 2416 e
429 2355 560 2417 stabulis
579 2355 619 2416 ad
639 2357 746 2438 patula
766 2358 846 2419 laeta
866 2358 1000 2438 capellas

234 2466 339 2532 pastor
360 2466 390 2512 et
409 2449 523 2511 excelsi
543 2451 661 2512 montis
681 2451 755 2532 iuga
774 2471 899 2513 summa
918 2451 1036 2533 petivit,

233 2544 336 2607 lurida
356 2563 418 2626 qua
436 2544 561 2625 patulos
580 2545 726 2607 velabant
745 2546 887 2625 gramina
908 2547 1012 2607 colles.

234 2640 298 2702 iam
317 2639 401 2702 silvis
421 2640 588 2720 dumisque
608 2660 716 2720 vagae,
737 2641 799 2702 iam
819 2641 952 2702 vallibus
972 2640 1093 2702 abdunt

236 2754 378 2816 corpora,
397 2735 524 2815 iamque
545 2734 634 2795 omni
655 2735 770 2796 celeres
791 2755 808 2796 e
828 2751 915 2816 parte
935 2751 1084 2816 vagantes

183 2843 211 2888 to
234 2828 408 2892 tondebant
427 2844 536 2890 tenero
557 2828 721 2891 viridantia
740 2831 883 2910 gramina
902 2849 1027 2906 morsu;

235 2943 366 3005 scrupea
386 2923 522 2985 desertas
542 2924 712 2986 haerebant
735 2925 775 2986 ad
796 2945 870 2986 cava
891 2944 993 3004 rupes,

236 3017 374 3100 pendula
393 3017 540 3097 proiectis
561 3035 732 3099 carpuntur
752 3037 782 3082 et
802 3022 912 3081 arbuta
932 3017 1027 3078 ramis

237 3115 396 3194 densaque
415 3112 558 3194 virgultis
576 3113 667 3176 avide
687 3115 830 3177 labrusca
849 3128 1012 3196 petuntur;

237 3210 314 3271 haec
334 3226 484 3289 suspensa
504 3208 584 3290 rapit
604 3225 749 3290 carpente
770 3209 933 3272 cacumina
953 3226 1062 3269 morsu

237 3409 442 3423 *-

290 3556 315 3596 27
335 3544 448 3603 ponitque
462 3544 525 3590 canit
538 3558 586 3590 non
600 3545 682 3603 pagina
696 3545 782 3589 bellum
840 3555 867 3601 3⁰
880 3551 932 3589 urat
944 3546 963 3585 B
1021 3555 1046 3601 3²
1062 3545 1121 3588 laeta
1136 3557 1185 3589 me·

59 3636 227 3829 ι
264 3613 383 3658 volumina
422 3626 447 3668 4²
461 3622 592 3672 penetrarat
605 3615 718 3672 (penetrat
732 3615 759 3666 B)
