2370 4072
150 262 190 323 28
510 256 771 305 COMMENTARIVS

149 441 277 523 epicum
298 441 331 502 in
351 455 455 502 satura
477 438 642 501 exordiens
662 458 744 501 nunc
758 439 839 502 mr'iri
844 440 956 519 paucis
970 439 1129 504 Sarmenti

149 556 283 600 scurrae
302 546 446 618 pregnam
469 533 628 615 Messique
655 532 782 612 Cicirri,
813 534 920 606 Musa,
949 534 1046 597 velim
1077 556 1129 598 rtr-

149 651 253 695 mores
272 641 304 694 et
317 651 378 712 quo
387 639 481 710 patre
499 638 591 690 natm
603 638 731 710 uterque
744 628 908 691 contulerit
919 627 991 701 litt's,
1013 630 1129 692 etiamsi

148 745 329 789 scurrarum
360 724 594 786 altercationem
618 723 750 785 vocibus
776 724 871 804 epicis
897 744 1053 788 exornare
1078 747 1129 788 no·

149 822 256 900 luerit;
296 819 459 883 exornavit
499 817 607 898 apium
647 837 788 898 pugnam
829 819 985 899 Vergilius
1026 841 1128 902 georg.

148 937 177 996 4,
198 918 236 994 67
256 936 301 996 sq.
342 914 486 975 videmus
507 911 759 989 commemorari,
781 928 815 973 ut
834 913 911 974 haec
932 916 1128 995 complectar,

149 1011 182 1073 in
209 1009 299 1071 initio
320 1007 466 1071 carminis
490 1007 604 1069 ludicri
628 1008 789 1069 materiam
814 1008 958 1070 ordinem
980 1010 1127 1072 elocutio·

149 1124 238 1167 nem:
269 1123 309 1165 ne
340 1104 505 1165 rhetorum
527 1103 615 1164 Iocos
639 1104 809 1177 cumulem,
840 1102 911 1164 vide
935 1104 1051 1166 Horati
1080 1120 1126 1166 art

149 1214 232 1282 poet.
262 1199 298 1260 38
318 1218 364 1278 sq.
411 1197 522 1259 sumite
545 1198 749 1260 materiam
773 1198 887 1260 vestris
915 1199 972 1280 qui
998 1199 1127 1263 scribitis

148 1312 284 1374 aequam
302 1290 435 1355 or'rr'lrus.
456 1326 493 1337 -
513 1291 662 1354 ordinis
681 1292 758 1354 haec
772 1293 875 1355 virtut
888 1293 952 1354 erit
969 1314 996 1355 e.
1013 1314 1043 1375 q.
1058 1316 1081 1355 s.
1100 1293 1126 1355 in

148 1385 277 1450 verbis
295 1386 391 1450 etrum
410 1406 436 1448 e.
454 1406 483 1466 q.
498 1407 521 1446 s.

228 1483 401 1544 Absolutae
422 1481 593 1543 sententiae
610 1481 718 1542 nescio
732 1501 772 1542 an
787 1501 853 1543 non
866 1496 937 1562 apte
951 1498 1126 1544 conectatur

122 1576 222 1639 tlicet
247 1575 371 1639 mordes
396 1575 486 1639 adsit.
537 1596 618 1657 quae
648 1579 745 1638 verba
775 1594 879 1656 neque
910 1592 1005 1656 egent
1035 1577 1126 1639 fulcro

150 1670 394 1734 constructionis
414 1686 445 1733 et
462 1671 494 1732 vi
513 1690 570 1731 sua
590 1670 630 1732 ad
643 1671 806 1751 sequentia
819 1671 996 1747 trahuntur,
1019 1672 1126 1753 quibus

150 1765 363 1848 praesagiente
373 1765 482 1827 animo
493 1781 577 1826 vates
588 1765 789 1828 obtrectatori
799 1765 961 1846 portendit
970 1765 1127 1829 infamiam

122 1861 287 1941 tiferetur
307 1880 372 1922 non
383 1861 530 1940 feratur)
555 1860 650 1922 simul
674 1860 811 1942 apertius
837 1858 978 1921 indicans
1005 1881 1073 1923 non
1096 1881 1128 1922 ex

150 1955 279 2016 materia
299 1954 453 2031 carminis,
477 1954 634 2017 levissima
653 1955 770 2017 scilicet
783 1971 814 2017 et
828 1955 983 2034 despecta,
1004 1955 1128 2018 laudem

149 2070 182 2110 se
206 2068 365 2129 quaerere,
397 2049 452 2110 sed
478 2069 516 2111 ex
541 2051 733 2113 tractatione.
783 2050 816 2110 in
842 2048 986 2110 futurum
1007 2065 1128 2132 tempus

122 2143 318 2224 etposrerms
351 2159 399 2206 ter
427 2144 546 2224 posuit,
578 2146 615 2207 cf.
651 2165 713 2225 114
748 2147 815 2224 131,
845 2144 1034 2207 adverbium
1068 2164 1129 2207 non

148 2238 319 2320 poeticum,
344 2238 399 2300 sed
425 2238 573 2301 Lucretio
598 2241 759 2318 usitatum3
791 2241 898 2303 Manil.
920 2259 947 2317 2,
972 2241 1042 2318 750)
1062 2259 1128 2320 gra-

120 2334 237 2396 aviora
256 2331 410 2413 promittit
430 2348 460 2394 et
476 2333 574 2414 magis
589 2336 758 2398 elaborata:
780 2334 900 2398 dabunt
915 2354 985 2397 cum
1005 2353 1129 2397 securos

144 2427 230 2490 vmilri
251 2436 393 2506 tempora
407 2428 545 2507 fructus.
587 2449 668 2510 quos
694 2430 783 2511 quod
806 2439 949 2493 rmttrros
975 2449 1043 2490 esse
1064 2447 1128 2489 ma·

148 2525 284 2597 luerunt,
299 2521 494 2603 infregerunt
507 2525 694 2586 sententiam
709 2542 739 2587 et
753 2546 834 2607 quae
848 2525 1032 2587 insecuntur
1045 2532 1081 2585 ut
1094 2556 1127 2567 -

141 2615 305 2697 poliuntur
328 2618 423 2679 verba
447 2637 540 2678 sensu
560 2639 618 2681 suo
643 2621 858 2683 destituerunt.
899 2634 982 2681 certe
1002 2638 1070 2680 non
1090 2617 1125 2679 ad

146 2731 258 2793 pacem
283 2711 370 2774 orbis
394 2726 548 2773 terrarum
578 2715 710 2795 pertinet
736 2715 794 2776 ista
818 2714 975 2792 securitas,
1005 2712 1063 2775 sed
1089 2712 1124 2773 ad

146 2807 251 2888 ipsum
271 2806 353 2868 curis
372 2805 522 2881 solutum,
543 2807 658 2887 quibus
677 2828 762 2870 nunc
775 2831 808 2872 se
822 2810 895 2890 angi
915 2808 1034 2887 innuit;
1055 2825 1122 2871 cum

146 2921 226 2982 puer
238 2916 389 2982 patronus
402 2899 449 2960 vir
462 2900 562 2962 factus
575 2902 713 2982 praemia
725 2904 800 2965 artis
812 2903 918 2984 largiri
931 2904 1048 2984 poterit
1065 2901 1121 2964 vati

145 3014 214 3073 suo,
236 2995 337 3057 otium
357 3010 502 3076 suppetet
526 2996 718 3059 carminibus
742 2999 896 3061 curiosius
921 2996 1117 3079 expoliendis.

103 3099 133 3144 10
146 3089 184 3151 cf.
196 3090 408 3152 Buechelerus
417 3110 447 3168 p.
460 3091 525 3153 325.
554 3092 642 3172 quod
656 3093 787 3155 traditur
800 3092 984 3174 spolientur,
1005 3093 1024 3154 i.
1037 3113 1062 3155 e.
1071 3109 1115 3153 rx·

141 3185 310 3265 polzonucr,
330 3186 541 3267 synaloephae
554 3205 654 3267 genus
670 3186 758 3248 Cirin
773 3207 839 3250 non
854 3187 1005 3251 dedeceat
1019 3190 1057 3267 (v.
1067 3187 1114 3266 pii

144 3283 183 3341 ab
205 3281 267 3342 hoc
286 3295 381 3361 poeta
401 3280 540 3342 alienum
561 3297 615 3342 est.
655 3281 722 3343 iure
736 3283 831 3363 igitur
844 3282 977 3363 simplex
991 3285 1113 3345 verbum

143 3373 345 3436 restituerunt
370 3395 436 3438 non
463 3376 529 3437 Itali
554 3391 687 3453 tantum,
711 3376 768 3438 sed
792 3378 856 3440 iam
882 3398 961 3439 saec.
982 3377 1056 3439 XIII
1075 3374 1112 3436 iu-

144 3468 245 3529 euntis
258 3467 412 3549 librarius,
430 3471 455 3532 si
469 3486 552 3532 recte
565 3471 807 3533 aestimaverunt
821 3471 939 3533 codicis
953 3466 1110 3541 Harteiani,

141 3563 199 3643 qui
212 3565 331 3625 Culicis
350 3564 475 3627 initium
489 3568 625 3646 praebet,
647 3581 787 3628 aetatem.
827 3586 936 3629 versus
950 3568 1111 3630 admonent
