2528 4202
246 327 285 390 74
601 303 861 352 COMMENTARIVS

244 493 331 554 tione
351 508 469 572 ponere
489 487 606 550 debuit.
647 505 760 568 parum
781 487 939 567 eleganter
955 495 1034 566 pone
1053 492 1101 547 est
1118 484 1230 546 Peerl-

245 586 398 667 kampius,
423 582 626 666 praetulerim
650 581 677 643 si
701 581 771 662 quis
796 579 950 643 invenerit
976 581 1109 641 verbum
1130 579 1230 660 quale

239 681 358 763 prodit,
383 696 419 743 ut
444 677 599 740 sermonis
622 677 741 758 species
767 674 889 737 eveniat
905 669 1015 755 'qualis
1042 693 1068 735 e.
1094 692 1124 754 g.
1147 673 1226 735 Stat.

243 776 346 838 Theb.
367 795 394 852 2,
420 791 474 853 114
497 773 570 835 him
592 780 705 844 moror,
729 780 761 833 et
778 769 890 850 longus
901 769 1015 849 fratri
1023 767 1228 850 promittens

242 869 325 932 exul
365 869 421 931 sed
444 866 577 931 omnino
601 866 713 928 dubito
736 885 777 928 an
797 879 880 926 recte
898 863 1050 926 traditum
1069 863 1108 924 sit
1127 882 1228 925 saeva

242 964 343 1045 quatit
359 962 441 1026 milri
456 961 591 1024 verbera
607 971 724 1041 poenae
744 974 775 1022 et
794 959 908 1021 deinde
930 958 1102 1020 versiculus
1127 956 1228 1018 inter-

243 1058 352 1121 ciderit
374 1058 586 1139 prodeuntem
611 1077 628 1118 e
654 1074 751 1136 specu
775 1074 887 1116 canem
909 1053 1091 1135 depingens,
1122 1053 1162 1114 cf.
1185 1052 1226 1113 ad

190 1165 229 1211 221
242 1175 270 1214 v.
292 1154 358 1233 248.
398 1173 427 1216 v.
448 1172 500 1214 221
524 1151 658 1214 horrent
675 1150 742 1212 Itali
757 1148 1003 1211 emendaverunt
1017 1149 1106 1225 (Aen.
1121 1148 1150 1225 6,
1162 1167 1225 1227 419

190 1261 230 1307 222
243 1249 314 1311 Sen.
336 1247 429 1310 Herc.
452 1246 471 1309 f.
493 1246 571 1326 786),
588 1243 813 1325 sanguinique
832 1244 894 1305 iarn
915 1242 948 1305 in
969 1241 1224 1322 Cantabrigiensi

241 1343 365 1425 legitur,
389 1357 419 1404 et
442 1339 610 1422 sanguini
632 1337 758 1401 luminis
778 1339 927 1402 ardorem
947 1359 1021 1400 sane
1043 1338 1155 1400 fortius
1177 1340 1225 1402 di-

242 1454 356 1500 cuntur
370 1453 467 1518 quam
478 1434 687 1516 sanguineum
700 1431 850 1496 ardorem
863 1431 990 1495 lumt'nt's
999 1432 1115 1496 micare
1126 1435 1225 1496 oculi.

319 1530 381 1593 Hic
401 1530 575 1612 digreditur
595 1531 635 1591 ab
656 1543 843 1608 argumento
864 1529 964 1607 culex,
988 1544 1023 1590 ut
1042 1528 1143 1589 limen
1162 1530 1226 1590 sci-

189 1633 228 1679 224
241 1625 312 1689 licet
337 1624 510 1688 inferorum
540 1639 748 1705 transgressus
777 1640 935 1704 pastorem
964 1623 1067 1685 verbis
1094 1623 1226 1685 Lucreti

242 1722 280 1798 (ι,
300 1722 375 1801 9ὁο;
404 1722 544 1800 6‚1157;
574 1719 612 1782 cf.
637 1740 661 1793 1,
682 1720 754 1796 8523
783 1718 918 1796 6‚1208)
949 1731 1075 1780 moneat
1106 1737 1139 1779 se
1170 1717 1228 1781 leti

162 1813 348 1879 rasi-limbo
372 1813 497 1895 abipso
521 1834 595 1878 eum
616 1832 786 1876 revocasse.
833 1831 907 1874 cum
932 1813 994 1874 hoc
1019 1812 1088 1891 feci,
1118 1812 1225 1892 inquit

240 1930 268 1972 v.
283 1910 350 1987 223,
380 1908 460 1990 quid
480 1909 523 1972 ab
551 1910 655 1990 officio
680 1907 856 1989 digressast
875 1907 1011 1988 gratia?
1040 1907 1074 1968 in
1104 1907 1223 1987 quibus

239 2004 343 2065 verbis
363 2003 554 2084 explicandis
569 2003 720 2084 quoniam
733 2019 918 2084 argutantur
932 2019 962 2065 et
974 2002 1111 2065 titubant
1124 2002 1223 2063 inter·
1259 2029 1260 2073 t

240 2113 352 2178 pretes,
372 2097 543 2159 dicendum
563 2115 608 2160 est
628 2099 690 2160 hoc
711 2119 747 2160 ea
770 2097 958 2179 significare:
989 2097 1066 2178 quid
1087 2113 1134 2159 est
1155 2117 1221 2178 quo

239 2191 346 2271 gratia,
376 2191 394 2253 i.
420 2213 445 2254 e.
478 2193 668 2254 beneficium
702 2213 819 2271 meum,
851 2193 870 2279 ἦ
892 2193 992 2279 χάρις,
1023 2194 1063 2255 ab
1101 2192 1220 2269 officim

239 2285 464 2349 beneficentiae
477 2288 594 2349 scilicet
606 2287 670 2349 sive
685 2287 816 2367 pietatis,
830 2286 1008 2348 deflexerit?
1029 2286 1144 2368 pergit:
1163 2287 1220 2349 ubi

240 2379 378 2460 praemia
404 2380 544 2460 pietatis?
575 2381 662 2442 nulla
686 2398 772 2443 sunt:
799 2397 935 2445 mortem
960 2381 1019 2444 tuli
1042 2401 1100 2462 pro
1123 2385 1219 2445 bene·
1258 2379 1259 2459 ξ

240 2474 323 2552 ficio,
344 2474 363 2535 i.
386 2494 411 2536 e.
432 2495 582 2554 poenam;
610 2495 676 2538 non
697 2477 858 2557 deprecor,
885 2478 984 2539 modo
1004 2492 1131 2557 gratum
1152 2477 1219 2538 ani-

187 2582 226 2627 aat
240 2588 330 2629 mum
344 2571 502 2649 praebeas,
523 2569 714 2633 beneficium
727 2572 847 2634 reddas.
892 2571 1023 2633 minime
1042 2571 1138 2652 igitur
1152 2572 1217 2649 ista,

238 2664 355 2726 exz'stat
377 2674 442 2744 por
471 2663 623 2744 officum,
653 2666 693 2726 ad
724 2665 819 2727 funus
848 2667 1024 2728 necessario
1054 2667 1216 2730 referenda

239 2775 326 2837 sunt,
356 2758 411 2820 sed
442 2778 479 2819 ex
510 2758 691 2821 Stoicorum
720 2761 887 2839 sententia,
918 2761 958 2823 de
988 2781 1051 2842 qua
1081 2751 1216 2842 plurima
1257 2797 1258 2834 2

239 2853 373 2932 Seneca,
408 2853 447 2914 ad
477 2853 620 2916 officium
651 2855 739 2935 quod
771 2856 963 2936 promerenti
995 2871 1133 2936 praestat
1163 2856 1216 2937 qui

186 2961 226 3006 226
238 2963 327 3026 grato
357 2946 465 3009 animo
496 2948 687 3010 beneficium
717 2951 866 3030 agnoscit.
916 2972 944 3012 v.
966 2951 1023 3012 226
1053 2951 1086 3013 in
1116 2971 1216 3014 vanas

238 3040 345 3103 ohim
363 3041 445 3104 voras
464 3059 499 3105 ut
512 3063 540 3105 v.
557 3063 615 3106 210
634 3042 767 3105 acerbas
785 3063 881 3124 cogor
899 3045 991 3108 adire
1002 3045 1084 3108 or'ces
1098 3066 1214 3109 nomen

237 3136 343 3214 posuit
356 3153 559 3200 evanescente
572 3138 758 3219 significatu,
776 3139 832 3200 sed
845 3138 1016 3219 utrubique
1029 3160 1105 3202 cum
1118 3143 1214 3202 verbo

237 3231 341 3292 eundi.
383 3231 502 3294 ibidem
522 3247 557 3294 ut
576 3233 688 3294 Bembi
709 3249 739 3295 et
759 3233 893 3295 aliorum
917 3234 1087 3296 certissima
1107 3255 1215 3298 ernen-
1256 3225 1257 3231 ¹

237 3325 321 3387 datio
347 3341 393 3388 est
416 3335 447 3389 et
468 3347 556 3402 rure,
587 3329 734 3408 copulare
758 3344 863 3390 tamen
887 3329 1055 3390 sententias
1074 3329 1102 3390 si
1122 3329 1216 3411 parti·

238 3419 341 3480 culam
362 3420 479 3499 iubeas,
505 3441 571 3482 non
592 3441 710 3483 nomen
730 3423 848 3501 efferre,
873 3423 1043 3486 sententiae
1068 3424 1135 3486 vim
1161 3425 1215 3486 de-

238 3512 414 3577 bilitaveris.
454 3516 535 3577 ruris
558 3516 685 3596 propria
705 3518 848 3580 solebant
869 3538 934 3580 esse
955 3518 1070 3582 iustitia
1084 3535 1115 3582 et
1129 3521 1213 3582 fides.
1255 3561 1256 3590 t

238 3627 315 3686 quas
341 3624 456 3671 terram
481 3611 558 3672 olim
586 3610 747 3691 reliquisse
773 3632 845 3674 cum
876 3628 970 3676 notus
999 3633 1106 3678 sermo
1137 3629 1214 3678 esset
1255 3592 1256 3617 ¹
