2370 4072
438 172 645 231 mass-3⁶⁹
980 175 1031 236 103

65 372 86 426 2,
107 354 170 434 769)
201 370 324 435 praeter
347 353 497 416 Horatios
521 353 669 415 Curtium
687 354 872 418 Scaevolam
897 355 1033 416 Curium

10 447 15 456 ’
63 448 119 526 (sed
139 449 235 509 habet
248 448 450 526 Fabricium),
469 465 500 510 et
512 448 629 510 Decios
648 449 779 530 quidem
799 449 832 510 in
851 448 942 511 initio
962 467 1034 530 post

10 532 15 539 ⁵
62 562 143 624 reges
157 558 188 604 et
201 543 347 617 Brutum,
367 542 483 604 fabios
496 544 530 604 in
543 543 615 617 fine,
635 564 674 605 ex
688 544 804 625 quibus
817 560 1033 605 cunctatorem

61 639 208 714 nominat,
232 637 284 700 ille
304 653 460 699 trecentos
484 638 555 701 illos
580 638 613 700 in
636 639 745 701 animo
764 640 880 700 habere
899 639 1033 702 ridetur.

59 733 108 795 sed
129 752 227 814 quam
252 731 351 793 facilis
375 731 468 793 fuerit
491 733 602 795 talium
624 734 792 796 nominum
814 733 935 806 eleusio,
956 734 1034 796 alio

59 847 125 888 rum
160 842 326 908 poetarum
360 827 423 889 loci
456 829 571 890 docere
600 845 734 908 possunt
769 830 856 892 velut
889 829 1034 910 Properti

58 923 93 1002 (3,
114 923 142 999 3,
163 941 182 1000 7
202 941 262 1002 sq*
287 940 330 997 1¹,
352 923 389 1000 ⁵9
409 922 466 1002 sn)
486 922 597 983 Manui
617 925 656 1000 (ι,
676 943 733 1002 777
752 927 810 1005 sn)
830 939 861 986 et
880 924 1034 985 curiosius

59 1017 200 1099 eligentis
227 1015 339 1078 Horati
368 1019 411 1094 (c.
436 1037 460 1091 7,
485 1020 548 1095 77),
577 1018 628 1080 vel
653 1018 817 1082 Ciceronis
845 1018 890 1096 (in
915 1018 976 1080 Pis
999 1020 1034 1080 58

56 1133 73 1174 7
88 1111 199 1176 saltos
214 1110 368 1177 Catm‘llos
388 1109 504 1175 Curios
516 1111 681 1176 Fabn'ct'os
696 1113 860 1179 Calatinos
876 1112 1036 1194 Sn‘pt'ouss

56 1205 229 1270 Marcellos
245 1205 429 1283 Mamaos),
449 1207 555 1268 Valeri
574 1207 715 1285 Maximi,
739 1207 884 1270 aliorum.
930 1228 1034 1289 neque

59 1301 213 1364 dubitatio
233 1317 278 1363 est
298 1301 358 1363 nisi
377 1301 458 1362 forte
479 1301 518 1362 de
532 1302 680 1377 Camillo,
700 1302 791 1365 cuius
811 1323 930 1366 nomen
950 1320 1034 1366 certa
1046 1317 1086 1364 tn

56 1395 277 1461 emendatione
298 1394 430 1456 restituit
448 1395 590 1458 Bembus
609 1397 658 1475 (cf.
679 1398 774 1478 Verg.
790 1397 818 1476 6,
838 1398 907 1476 825,
925 1419 1034 1480 georg.

57 1512 83 1571 2,
107 1493 173 1571 769,
193 1490 301 1554 Manil
320 1511 343 1562 7,
363 1490 442 1568 784),
462 1509 537 1552 cum
555 1490 645 1553 melli
661 1491 773 1572 integri
793 1493 919 1555 codices
938 1493 1035 1556 habe

56 1603 121 1665 ant,
151 1584 271 1648 metelli
296 1584 483 1661 Vossianus,
518 1605 584 1666 quo
613 1587 808 1667 probabilius
837 1587 891 1649 fiat
920 1589 1034 1650 eodem

57 1701 148 1743 versu
168 1678 327 1741 moritura
346 1679 544 1742 coniecturae
565 1680 651 1743 docti
670 1681 810 1743 hominis
830 1681 947 1744 deberi.
988 1683 1036 1744 ni-

58 1777 174 1837 mirum
190 1775 230 1837 de
245 1795 311 1856 quo
327 1795 392 1837 uno
408 1775 538 1855 cogitari
552 1790 656 1855 potest
672 1775 708 1836 1.
722 1775 1035 1838 CaeciliusMetellus

58 1869 117 1948 ille,
149 1870 205 1951 qui
233 1870 354 1951 primus
383 1870 567 1952 elephantos
596 1889 635 1930 ex
664 1869 768 1950 primo
799 1869 920 1932 Punico
950 1871 1035 1932 bello

10 1998 12 2049 7
56 1965 146 2026 duxit
164 1965 198 2026 in
218 1964 390 2045 triumpho,
421 1964 461 2026 de
491 1984 557 2044 quo
582 1983 620 2027 ex
646 1964 703 2025 filii
730 1965 912 2027 laudatione
941 1965 1036 2027 refert

56 2061 176 2123 Plinius
196 2079 225 2139 7,
254 2061 308 2138 139
328 2079 388 2140 sq.,
422 2078 496 2120 eum
520 2059 571 2120 vel
585 2059 686 2138 fama
708 2068 795 2122 venas
819 2060 900 2121 inter
919 2060 1035 2122 Decios

53 2155 267 2235 Curtiumque
294 2154 440 2216 excludit
485 2153 571 2216 idem
592 2153 631 2216 de
656 2154 815 2218 Gracclttit
833 2154 948 2216 virtute
968 2174 1035 2216 non
1047 2169 1087 2214 ast

54 2250 149 2312 latina
175 2249 346 2311 dicendum
369 2267 466 2328 quam
492 2248 605 2310 leniter
623 2265 789 2330 corruptae
808 2249 967 2312 Horatiae
985 2250 1034 2327 (cf.

55 2345 197 2426 Propert.
219 2345 244 2421 3,
267 2345 294 2420 3,
314 2363 333 2423 7
363 2343 471 2404 Manil
497 2364 520 2420 7,
540 2343 610 2422 778)
639 2343 846 2425 interpolator
867 2344 1034 2406 substituit.
1048 2360 1088 2405 sn

53 2440 190 2502 Curium
204 2437 291 2519 quod
301 2436 410 2500 clarae
417 2436 534 2500 socittm
543 2437 669 2500 wactas
681 2439 825 2520 appellat,
839 2439 879 2502 de
890 2440 1035 2502 fabricio

54 2549 85 2596 et
105 2533 310 2597 Coruncanio
335 2532 516 2594 audientem
542 2532 693 2595 admonet
713 2534 761 2611 (cf.
783 2534 850 2597 Cic.
872 2535 955 2597 Lael
981 2536 1035 2612 78).

52 2626 110 2690 sed
140 2626 307 2689 haeremus
342 2629 375 2690 in
408 2626 566 2689 Flaminio
595 2648 624 2687 v.
647 2629 717 2705 368,
747 2648 850 2709 neque
881 2630 966 2691 enim
996 2628 1088 2690 adsos

53 2722 92 2784 C.
106 2722 308 2801 Flaminium,
329 2723 384 2804 qui
403 2723 444 2784 ad
457 2722 715 2783 Trasumennum
733 2723 837 2784 lacum
856 2722 1035 2786 interfectus

54 2832 110 2895 esn
130 2817 286 2898 pertinere
301 2818 359 2879 ista
371 2830 504 2898 possunt
516 2814 625 2878 devota
637 2814 790 2896 deditqui
799 2826 932 2898 corpora
937 2817 1035 2898 flam-

53 2911 128 2985 mis;
152 2911 326 2972 Caecilium
354 2911 492 2972 eundem
518 2910 773 2972 substituendum
793 2931 859 2972 esse
877 2910 1035 2973 Flaminio

54 3025 73 3067 a
88 3005 194 3066 multis
204 3021 328 3086 recepta
344 3005 524 3067 coniectura
537 3019 584 3066 est
597 3025 662 3066 non
676 3004 850 3066 admodum
864 3005 1035 3085 probabilis

55 3099 88 3161 in
107 3114 172 3161 tam
190 3099 363 3181 impropria
375 3099 537 3162 locutione
551 3099 591 3160 de
605 3098 747 3161 Palladio
760 3098 896 3160 flammis
911 3116 1034 3180 erepto;

55 3193 110 3256 sed
134 3194 241 3275 aliquo
268 3194 367 3256 modo
392 3193 564 3256 concinunt
589 3213 669 3275 quae
696 3193 810 3255 Cicero
835 3213 893 3274 pro
914 3194 1034 3255 Scauro

56 3290 150 3352 habet
180 3291 232 3363 73,
259 3308 299 3368 47
330 3308 473 3370 quaeque
504 3288 638 3351 Ovidius
668 3288 735 3349 fast.
765 3287 798 3364 6,
826 3290 895 3366 452.
952 3302 1034 3350 certe

58 3384 225 3465 praecipuo
246 3384 336 3445 illum
356 3402 451 3446 suum
465 3382 659 3445 Flaminium
675 3381 818 3462 quisquis
839 3381 897 3443 luit
912 3379 1034 3442 honore

58 3493 149 3556 poeta
171 3479 289 3557 extulit,
314 3478 472 3560 siquidem
498 3477 538 3539 ad
564 3496 638 3539 eum
659 3475 801 3538 adiunxit
820 3495 946 3538 versum
968 3475 1034 3555 369,
1047 3491 1088 3535 to

1062 3658 1132 3800 Ι
