2370 4072
173 275 215 354 64
534 273 797 321 COMMENTARIVS

174 455 378 518 Woelfflinus
400 454 497 515 archii
511 454 559 515 sui
573 455 635 516 vol.
650 455 678 532 6,
691 455 751 534 466
771 471 801 517 et
814 474 842 534 7,
861 473 924 533 117,
946 454 985 517 cf.
1000 454 1147 517 Harteliu's

174 549 249 611 ibid.
272 551 298 626 3,
317 569 365 629 44
406 549 489 612 milei
510 549 616 611 mator
639 549 691 611 leit
714 559 790 612 natu
809 549 971 627 Sidonius,
995 548 1056 612 tabi
1072 568 1147 612 neate

169 645 264 725 prior
277 644 460 720 Venantius‚
475 644 526 705 alii
540 644 614 719 alia;
628 644 835 707 memorabile
849 645 1036 725 exemplum
1049 642 1147 720 Soliui,

174 740 228 820 qui
260 741 348 820 quod
379 739 500 801 Plinius
529 741 681 821 praeierat
707 739 817 802 Padus
841 772 880 784 —
905 736 994 800 nulla
1020 738 1147 802 aenum

173 834 317 897 clamate
337 834 473 913 deferrier
492 835 565 912 (nat
587 835 656 896 hist
680 836 794 912 3,117)
819 832 863 895 sic
887 832 1028 895 reddidit
1047 850 1082 896 ut
1099 851 1147 941 pre

172 930 310 992 ablativo
334 945 462 1009 poneret
476 929 557 991 nulli
574 932 613 1006 (2,
628 932 664 991 25
686 950 716 1010 p
729 950 778 1009 41,
792 947 810 1007 7
825 928 888 1006 M..)
935 947 1045 990 rursus
1065 928 1147 1010 igitur

173 1024 344 1086 locutionis
364 1024 483 1086 alienae
504 1026 542 1085 ab
564 1026 687 1085 urbano
708 1042 863 1130 sermone,
887 1042 954 1085 non
967 1043 988 1084 a
1004 1021 1147 1128 populari

173 1120 402 1180 documentum
423 1118 514 1180 nobis
538 1119 665 1180 tradidit
685 1135 778 1199 poeta
796 1117 828 1178 in
843 1117 933 1198 poesi
944 1133 1052 1180 vetere
1067 1133 1101 1179 ut
1112 1116 1147 1179 vi

174 1212 265 1274 detur
278 1212 423 1288 unicum;
448 1233 551 1293 neque
572 1233 608 1274 ea
629 1234 705 1275 usus
726 1229 771 1274 est
791 1212 858 1273 sine
879 1210 978 1273 solitis
1000 1211 1147 1293 composi

173 1306 268 1368 tionis
278 1307 440 1385 molestiis,
451 1308 477 1369 si
487 1307 617 1388 quidem
628 1309 761 1369 alterum
772 1303 1044 1388 pronomenluenc
1054 1306 1094 1369 ad
1103 1325 1147 1387 par

173 1402 266 1463 storis
279 1421 447 1482 personam
462 1403 625 1465 audientes
638 1402 732 1463 trahit
746 1418 915 1483 antequam
926 1400 1147 1482 comparativu

174 1516 192 1557 a
218 1516 284 1576 quo
310 1497 431 1558 dativus
456 1498 591 1577 pendeat
614 1497 653 1557 ad
684 1516 774 1558 aures
800 1497 933 1572 venerit;
963 1515 1041 1558 nam
1071 1492 1146 1576 quoi

167 1590 328 1670 parendus
352 1592 473 1654 unwrz's
497 1591 644 1654 alumnus
668 1590 811 1653 medium
836 1589 975 1652 adsumit
995 1607 1146 1670 compara

174 1685 284 1764 tivum,
308 1686 340 1747 id
361 1705 563 1766 nequaquam
584 1687 716 1748 moleste
736 1685 780 1746 fit.
1140 1738 1143 1743 .

94 1794 174 1846 1eesq.
251 1780 370 1842 Hicin
395 1780 464 1862 ipso
489 1779 667 1861 argumenti
692 1779 872 1841 discrimine
903 1778 1007 1840 brevis
1034 1794 1065 1841 et
1087 1797 1146 1840 suo

174 1874 275 1937 cincta
303 1892 333 1938 et
357 1895 463 1956 pressa
486 1875 522 1936 fit
547 1874 694 1952 narrati0‚
726 1893 791 1935 uno
823 1872 955 1935 circuitu
982 1872 1041 1935 ista
1071 1893 1146 1936 corn

112 1987 115 1991 ·
173 1971 386 2049 prehendens:
407 1990 541 2050 namque
554 1968 676 2051 pupula
696 1969 758 2030 icta
776 1977 855 2040 erat,
876 1987 947 2029 cum
964 1967 1113 2047 prosiluit
1127 1986 1146 2028 a

173 2063 263 2126 illum
283 2064 380 2125 morti
396 2065 488 2138 mese't,
510 2074 575 2126 tum
593 2071 767 2144 serpentem
779 2061 925 2142 respexit,
946 2060 1019 2125 t'nde
1039 2060 1146 2143 retegi

173 2167 205 2220 et
226 2167 370 2219 truncum
396 2159 548 2233 detraxit·
577 2175 646 2220 tum
671 2159 802 2219 demum
832 2156 974 2218 consistit
998 2157 1100 2219 oratio
1124 2169 1146 2216 et

174 2251 349 2331 requiescit.
396 2253 539 2315 brevitati
563 2269 670 2314 autem
696 2252 828 2314 consilio
854 2266 884 2312 et
909 2265 975 2312 arte
999 2250 1146 2314 institutae

174 2356 240 2407 non
260 2347 478 2426 suppeditabat
503 2347 649 2409 facundia
672 2362 797 2428 poetae:
828 2365 894 2426 quo
919 2345 1020 2427 magis
1045 2364 1146 2409 caven

174 2442 251 2502 dum
277 2462 317 2503 ne
343 2443 492 2504 elaborati
515 2442 669 2503 sermonis
696 2441 790 2502 nimis
815 2440 955 2522 quaesita
973 2441 1146 2523 proprietas,

173 2536 237 2597 sive
258 2536 311 2597 illa
331 2536 549 2617 improprietas
569 2537 616 2613 sit,
642 2536 790 2598 elabatur.
832 2555 945 2616 nempe
963 2535 1145 2617 peccavitiu

173 2650 212 2692 eo
233 2632 321 2711 quod
342 2629 461 2692 lumina
479 2630 567 2710 quasi
589 2649 760 2692 commune
774 2631 967 2693 vocabulum
986 2633 1145 2694 oculorum

172 2725 287 2805 posuit,
302 2745 406 2806 genas
419 2741 449 2786 et
463 2744 611 2805 gemmas
624 2724 770 2804 partium,
795 2725 1020 2805 palpebrarum
1039 2726 1145 2789 scilicet

172 2821 366 2898 (Ennianum
379 2819 510 2901 pandet
528 2817 618 2880 sultis
631 2839 736 2898 genas
756 2818 858 2880 attulit
876 2817 1026 2898 Scaliger)
1047 2835 1079 2882 et
1095 2839 1145 2901 pu

171 2917 334 2996 pillarum;
359 2916 397 2977 cf.
418 2913 552 2976 Ovidius
573 2929 645 2974 met.
671 2935 694 2986 r,
716 2932 772 2991 722
793 2911 927 2974 caudam
941 2914 1081 2992 gemmis
1098 2914 1145 2976 im·

164 3011 233 3091 pkt
250 3031 325 3073 cum
339 3008 442 3070 Plinio
456 3023 517 3069 nat.
532 3007 602 3069 hist.
621 3009 664 3085 13,
685 3009 723 3087 96
743 3018 900 3085 pavonum
919 3006 1043 3070 caudae
1060 3005 1145 3081 ocule}

170 3109 208 3166 Α.
221 3106 255 3166 L.
266 3124 334 3182 712,
352 3123 386 3165 10
397 3103 433 3163 R.
447 3102 621 3182 (Apuleius)
638 3111 670 3164 et
673 3100 869 3182 pupularum
882 3100 1001 3163 nitidas
1007 3102 1145 3183 gemmas

165 3197 355 3279 gemmulas.
401 3197 485 3259 oculi
510 3196 605 3277 igitur
629 3197 815 3258 dormientis
845 3196 1011 3276 palpebras
1037 3196 1145 3279 pande

172 3295 247 3354 bant
264 3292 400 3373 pupillis,
421 3291 539 3353 scilicet
553 3307 588 3352 ut
601 3291 709 3372 gracili
724 3291 831 3353 culicis
844 3290 991 3352 acumine
1013 3286 1143 3369 contingi

170 3386 308 3468 pupillae
332 3401 476 3467 possent;
506 3393 638 3448 ‘constat
663 3406 738 3465 ergo
759 3401 918 3465 pastorem
938 3384 1038 3448 ictum
1059 3386 1145 3449 fuisse

170 3502 207 3542 ea
227 3497 314 3561 parte
336 3501 398 3561 qua
418 3481 497 3542 ictus
521 3481 667 3543 facillime
693 3480 833 3556 sentitur,
859 3498 974 3560 nempe
1000 3481 1056 3543 ubi
1076 3495 1144 3543 ocu»

170 3576 277 3637 lorum
303 3575 419 3655 anguli,
451 3576 506 3655 qui
537 3577 577 3636 ad
607 3591 751 3654 tempora
781 3591 863 3654 sunt,
894 3574 1061 3640 conivent'.
1107 3571 1144 3634 sit
