2536 4200
242 358 278 435 34
599 350 856 400 conuuurrruvs

239 557 298 618 que
320 534 406 598 canit
426 553 487 598 nen
507 534 629 615 pagina
649 532 762 596 bellum
787 532 874 594 truste
895 530 979 594 lauti
1001 531 1146 618 portuque
1166 531 1224 607 [in

243 630 371 712 Olympo
385 627 504 702 Pelebn,
524 628 575 691 ltic
593 630 668 704 teon]
690 625 842 706 Phlegra,
868 625 1020 707 Geganteo
1037 635 1154 706 sparsa
1174 637 1228 689 est

238 745 317 806 quae
328 723 482 805 sanguine
499 721 595 785 tellus.
616 756 654 768 -
674 721 749 783 item
763 720 973 782 Bnechelerus
994 719 1141 800 disputat,
1162 721 1225 783 sed

239 819 428 900 elegantiore
449 817 546 878 utitur
564 817 797 897 supplemento:
820 815 967 895 ponetque
990 814 1088 890 [acres
1106 816 1225 897 quibus

199 929 226 972 ιι
238 914 366 978 horruit
381 912 470 989 olim]
485 911 636 993 Phlegra.
658 945 694 956 -
715 931 743 972 v.
756 911 792 972 32
814 907 881 970 Itali
901 909 1157 973 emendaverunt.
1179 947 1224 958 —-

199 1025 226 1069 ts
239 1025 310 1090 post
329 1009 442 1070 reiecta
463 1005 543 1086 epici
562 1005 708 1068 carminis
727 1017 912 1084 argumenta
933 1023 959 1064 v.
976 1003 1012 1064 35
1035 1004 1145 1068 mollia
1163 1007 1230 1069 sed

237 1102 323 1166 tenui
332 1101 413 1183 pede
436 1120 566 1164 currere
585 1098 729 1162 carmem
752 1096 888 1177 (pagena
907 1096 1041 1179 gaudet)
1065 1101 1162 1161 verba
1187 1117 1226 1163 et

197 1235 202 1240 -
237 1198 380 1259 absoluta
405 1215 498 1258 sensu
524 1210 554 1257 et
580 1213 725 1257 sermone
746 1191 882 1272 perfecta
908 1190 955 1268 (cf.
977 1211 1005 1252 v.
1024 1211 1067 1270 17,
1088 1193 1152 1256 Cir.
1169 1215 1223 1274 20,

238 1293 316 1354 Hor.
330 1306 384 1354 sat.
399 1310 426 1368 2,
445 1311 468 1367 r,
483 1291 534 1367 283
560 1311 583 1367 1,
601 1310 643 1366 to,
670 1309 678 1349 1
703 1285 897 1366 incomposito
910 1284 982 1348 dui
994 1285 1073 1366 pede
1084 1307 1226 1351 currere

236 1406 346 1449 vernes
364 1385 475 1464 Lucilzi
501 1405 566 1447 non
592 1383 784 1446 mutabimus
809 1400 868 1442 nec
893 1380 1080 1442 mirabimur
1105 1381 1138 1444 in
1167 1384 1225 1446 his

237 1501 331 1544 versu
344 1479 466 1544 viribus
478 1489 552 1560 apte
564 1479 630 1542 sut's
644 1475 767 1540 Plzeebo
781 1473 856 1537 duee
868 1473 977 1537 ludere
985 1475 1113 1556 gaudet,
1133 1498 1226 1558 quae

237 1591 384 1638 revocant
393 1574 473 1636 illud
483 1573 613 1654 Vergilii
623 1569 790 1652 Syracosto
799 1567 931 1650 de'gnate
940 1568 1101 1632 estludere
1110 1591 1225 1648 versu,

238 1689 311 1732 cum
331 1684 461 1730 accentu
486 1668 518 1730 in
544 1667 606 1730 fine
631 1684 739 1728 versus
761 1663 901 1744 positum
920 1683 1029 1738 versu,-
1052 1684 1126 1727 nam
1147 1668 1225 1730 ludi

237 1779 339 1845 potest
352 1763 418 1825 sine
438 1781 529 1825 versu
551 1762 616 1840 (ecl.
637 1781 660 1838 r,
685 1780 719 1822 ro
739 1757 846 1821 ludere
864 1778 945 1839 quae
962 1757 1072 1822 vellem
1091 1761 1226 1828 cahmo

232 1857 379 1939 permisit
395 1857 525 1938 agreste)
546 1871 576 1920 et
595 1856 629 1917 in
642 1875 734 1917 versu
748 1853 893 1916 faciendo
907 1853 1106 1934 potissimum
1119 1857 1226 1920 huius

236 1969 345 2033 poetae
374 1951 538 2032 opificium
568 1950 707 2030 positum
738 1964 792 2011 est.
841 1948 936 2009 simili
966 1950 1064 2012 modo
1093 1971 1225 2016 nornen
1266 2001 1267 2004 η

236 2046 321 2108 addit
335 2045 499 2108 Lucretius
518 2045 619 2124 1,416
639 2063 734 2127 quam
753 2042 811 2106 tibi
828 2042 865 2106 de
884 2042 996 2124 quava
1015 2065 1079 2106 una
1092 2065 1128 2108 re
1141 2067 1228 2110 ver-

233 2140 319 2203 sibus
338 2139 438 2202 munes
456 2149 716 2220 argumentorum
734 2138 778 2200 sit
799 2137 887 2217 copia
910 2137 1008 2201 meisa
1026 2149 1089 2219 per
1107 2161 1226 2208 aures.

170 2249 172 2254 ’
236 2234 427 2297 constructio
447 2235 489 2296 ita
507 2234 623 2296 variata
643 2249 696 2311 est,
717 2247 753 2294 ut
772 2232 804 2294 in
818 2232 923 2314 priore
941 2236 1084 2297 membro
1097 2237 1226 2316 pagina
1265 2307 1266 2310 Ἴ

235 2329 370 2410 gaudeat
394 2329 482 2409 quod
507 2327 645 2391 carmina
672 2343 807 2406 currant,
832 2327 865 2388 in
890 2328 987 2390 altero
1012 2328 1078 2409 ipsa
1101 2330 1225 2396 ludere
1265 2313 1266 2357 t

196 2439 222 2484 ιι
235 2426 377 2505 gaudeat.
392 2459 428 2468 -
442 2423 499 2486 leuc
518 2421 576 2486 tibi
592 2444 620 2486 v.
634 2423 670 2502 37
690 2421 780 2503 quasi
800 2422 879 2484 redit
898 2423 938 2484 ad
951 2423 1031 2485 illud
1044 2422 1103 2485 tibi
1119 2444 1148 2485 v.
1167 2429 1225 2506 26,

236 2520 323 2601 quod
337 2521 434 2580 verbo
449 2517 595 2598 negativo
614 2531 780 2597 exceptum
799 2533 878 2594 erat;
899 2537 984 2580 nunc
1004 2515 1226 2584 subaudimus

235 2615 291 2677 lec
300 2613 357 2676 tibi
368 2612 472 2688 (ludit)
484 2612 598 2694 pagina
607 2612 657 2673 vel
667 2611 824 2674 volumen.
846 2612 897 2674 hic
907 2612 1002 2692 igitur
1012 2612 1099 2674 lusus
1111 2633 1226 2694 puero

236 2709 373 2786 offertur,
393 2707 497 2769 sutura
518 2707 585 2768 eius
604 2705 753 2787 gravitate
768 2725 835 2768 non
850 2706 977 2786 dignus3
1002 2706 1057 2768 sed
1078 2725 1162 2786 quae
1185 2710 1226 2773 in

235 2822 334 2884 puero
355 2821 420 2863 non
441 2816 486 2862 est
506 2799 634 2862 materia
654 2799 764 2878 laudis,
784 2800 817 2860 in
832 2799 899 2863 viro
918 2802 974 2862 erit
989 2801 1128 2863 abunde:
1153 2804 1227 2870 hoc

235 2897 294 2958 sibi
310 2897 376 2957 vult
394 2893 607 2958 memorabilit
620 2893 739 2976 gloria.
780 2894 941 2975 epitheton
962 2913 1027 2956 non
1047 2895 1108 2958 vile
1130 2913 1163 2960 et
1187 2901 1227 2964 in

236 2990 375 3054 dicendis
396 2991 489 3051 rebus
510 3004 632 3050 tantum
645 2989 752 3051 valens
766 3005 920 3070 quantum
940 2989 973 3051 in
994 2988 1075 3052 notis
1095 2990 1229 3060 incluta

229 3084 340 3167 gloria
365 3086 453 3162 (Aen.
476 3102 503 3160 2,
527 3084 587 3162 82),
618 3083 655 3144 cf.
682 3087 760 3146 Aen.
789 3104 831 3161 ro,
857 3103 913 3163 79²
943 3103 999 3148 nec
1027 3094 1063 3158 te,
1093 3084 1232 3155 iuvenis

235 3177 443 3251 memorande,
468 3175 564 3240 silebo
589 3193 620 3240 et
646 3198 726 3259 quae
751 3179 791 3240 ad
818 3177 981 3240 Ciceronis
1006 3179 1044 3240 de
1064 3180 1123 3260 leg.
1154 3203 1180 3262 1,
1208 3189 1230 3250 8

236 3273 396 3335 Vahlenus
416 3272 584 3334 adnotavit.
624 3274 756 3335 verbum
777 3273 864 3353 quod
883 3288 929 3335 est
941 3282 1036 3336 certet
1047 3275 1232 3344 confirmat

235 3369 347 3448 triplex
367 3368 586 3430 coniunctivus
607 3374 715 3441 (certet
732 3401 768 3412 -
789 3376 918 3430 maneat
940 3401 976 3412 -
995 3381 1231 3452 numeretur);

236 3461 388 3542 significat
408 3462 493 3525 idem
515 3463 602 3542 quod
616 3483 643 3523 v.
660 3463 715 3540 349
735 3462 838 3524 maris
851 3460 936 3524 unda
948 3461 1103 3525 sideribus
1116 3479 1236 3534 certat

235 3576 432 3636 consurgere,
458 3557 517 3618 nisi
538 3558 625 3637 quod
651 3556 694 3617 ibi
715 3571 749 3617 ut
769 3557 846 3618 solet
866 3575 939 3618 cum
960 3555 1116 3618 infinitivo
1141 3580 1235 3626 con-

235 3651 378 3712 iunctum
400 3667 454 3713 est.
495 3652 545 3714 hic
566 3660 597 3714 et
612 3649 671 3713 tibi
682 3649 794 3730 gloreie
813 3660 909 3714 certet
926 3651 944 3711 i.
960 3670 985 3712 e.
1007 3649 1063 3712 tibi
1084 3670 1235 3737 quoque
1260 3697 1261 3715 t
