2370 4072
479 193 523 237 An
539 193 565 238 v.
580 196 657 240 22-28
1017 196 1052 255 33

75 375 154 436 milri
171 373 330 444 addidisti,
351 373 498 434 Manilius
520 395 542 446 1,
563 394 581 440 7
602 373 682 436 hunc
701 373 782 436 mihi
799 383 840 447 tu,
864 373 995 452 caesar,
1015 410 1052 420 -

76 469 131 531 das
156 469 299 530 animum
323 467 466 547 viresque
482 469 571 547 sacis
594 468 642 531 ad
663 477 749 530 tanta
768 467 916 530 canenda.
957 488 1054 530 unam

76 563 170 645 igitur
195 577 380 643 corruptum
406 563 568 642 epitheton
597 563 712 644 patitur
743 562 1004 641 emendationem,
1036 585 1053 624 a

79 659 231 721 librorum
246 657 400 719 memoria
414 677 480 719 non
494 659 589 739 longe
603 673 772 719 remotam:
786 658 839 720 cui
838 657 939 736 fretis
951 657 1054 720 oritur

75 753 192 834 fiducia
212 753 339 815 clara's.
379 768 473 831 atque
494 751 590 812 dandi
611 772 719 813 casum
737 771 811 813 cum
825 753 887 813 hoc
900 752 1053 813 adiectivo

79 848 283 910 coniunctum
314 848 400 928 quod
431 867 448 908 e
479 846 570 908 Livio
604 862 725 908 tantum
757 861 923 908 enotavere
950 866 1054 927 gram-

77 942 191 1018 matici,
223 943 321 1004 multa
351 942 410 1003 alia
440 942 472 1003 in
503 943 565 1003 hoc
594 940 732 1003 carmine
762 962 780 1003 a
806 942 969 1003 communi
995 962 1053 1003 usu

77 1036 223 1098 recedere
237 1036 380 1097 videmus
395 1051 424 1097 et
439 1035 624 1097 videbimus.
665 1051 831 1116 sequentes
844 1056 952 1097 versus
965 1036 1054 1116 quod
1066 1052 1132 1097 aare

75 1131 195 1193 exitum
224 1150 328 1193 errore
354 1131 399 1192 bis
428 1130 565 1210 positum
591 1145 621 1191 et
648 1130 745 1191 altero
766 1145 889 1192 remoto
910 1131 1055 1192 lacunam

75 1228 228 1307 praebent
248 1225 296 1303 (ci.
312 1226 377 1287 281.
393 1227 449 1304 3¹9
473 1241 503 1287 et
523 1245 549 1287 e.
564 1246 593 1305 g.
608 1224 710 1286 Plauti
724 1224 906 1286 Trinummi
925 1225 1056 1304 117413),

74 1335 193 1382 temere
208 1320 352 1381 videmus
372 1322 412 1381 ab
427 1319 600 1381 editoribus
614 1320 752 1401 priorem
768 1338 895 1381 versum
910 1320 1055 1395 mutilari,

75 1416 211 1476 alterum
232 1414 366 1495 relinqui
387 1414 551 1487 intactum;
581 1430 708 1489 temere,
735 1413 891 1494 siquidem
916 1415 960 1476 sic
984 1435 1055 1476 mu-

75 1511 170 1572 tanda
197 1525 263 1572 erat
288 1510 399 1572 tradita
424 1510 621 1591 pronominis
648 1510 748 1571 forma
774 1529 864 1570 versu
889 1509 926 1570 28
959 1509 1056 1586 (trare

75 1605 160 1667 lavis
190 1604 359 1685 eroetr'qae
393 1605 478 1667 canit
509 1624 569 1665 nan
598 1603 722 1684 pagina
751 1603 877 1676 bellum,
912 1603 1056 1684 Phlegra

77 1700 236 1780 Gigantea
247 1710 362 1780 sparsa
375 1709 422 1762 est
431 1719 491 1780 qua
501 1698 652 1778 sanguine
665 1697 754 1760 tellus
767 1714 802 1760 ut
812 1701 908 1779 vulgo
922 1698 1055 1779 legitur).

75 1795 164 1876 quod
187 1814 364 1874 pronomen
385 1794 489 1874 ipsum
510 1813 568 1855 nos
587 1794 680 1854 docet
694 1813 758 1873 quo
773 1793 948 1873 pertineant
961 1795 1056 1855 verba

75 1890 121 1951 bis
148 1888 272 1969 scripta.
318 1886 405 1969 quod
431 1888 456 1949 si
481 1903 623 1949 tenemus
649 1887 707 1950 tibi
727 1908 861 1969 namque
887 1888 973 1949 canit
994 1908 1055 1950 nan

75 1983 196 2065 pagina
221 1982 333 2046 bellum
356 1982 444 2044 trare
470 1982 561 2055 Iova'r,
592 1999 709 2063 quanto
733 1982 835 2063 aptius
864 1984 959 2043 verba
982 1997 1056 2044 sunt

75 2078 260 2158 composita.
301 2077 409 2158 incipit
433 2077 522 2156 quasi
547 2097 614 2138 rem
639 2077 739 2157 ipsam
764 2077 980 2139 enuntiaturus
1001 2077 1059 2141 tibi

75 2193 210 2252 narique
223 2171 314 2244 canit,
333 2171 434 2253 pergit
447 2172 536 2252 quasi
549 2172 744 2233 ludibundus
758 2172 810 2233 ille
834 2176 893 2237 τὸν
915 2175 1056 2257 ἄργυρον

75 2268 227 2352 τορειὶσας
245 2271 402 2350 Ἠφαιστὲ
423 2290 479 2349 μοι
505 2272 644 2352 ποίησον
674 2268 863 2342 πανοπλίας
888 2269 947 2350 μὲν
970 2269 1054 2348 οὐχί,

77 2361 171 2440 igitur
201 2376 323 2422 tantum
353 2361 484 2423 subiecti
514 2363 712 2442 hyperbaton
737 2362 771 2423 fit
802 2361 921 2439 (durius
948 2384 975 2423 v.
999 2363 1054 2440 30).

83 2453 189 2519 bellurn
211 2455 295 2518 lavit
318 2456 539 2537 supplemento
567 2476 632 2518 non
660 2470 743 2536 eget,
774 2457 896 2518 celebre
922 2457 1000 2518 illud
1025 2472 1055 2518 et

85 2567 176 2611 unum
199 2550 280 2612 lovis
301 2551 419 2611 bellum
444 2567 553 2632 sponte
578 2550 777 2631 intellegitur⁷
803 2551 840 2612 cf.
863 2551 958 2612 Ovidi
978 2552 1052 2613 trist.

87 2663 106 2719 a,
124 2647 161 2725 69
171 2646 273 2724 fama
294 2644 365 2707 Iovi
374 2655 520 2726 superesi,
541 2655 643 2707 tamen
656 2645 737 2707 launa
755 2664 814 2706 sua
824 2646 919 2723 facta
936 2646 1057 2724 referri

90 2747 110 2799 et
126 2761 158 2802 se
180 2739 350 2802 materiam
374 2739 526 2801 carrrrirzis
549 2759 615 2800 esse
639 2739 732 2812 ravat,
758 2759 886 2818 cumque
910 2741 1057 2820 Gigantei

75 2842 292 2931 immorantur
304 2833 429 2913 proelia
450 2833 529 2906 belli,
550 2832 695 2896 credibile
714 2843 761 2896 est
778 2834 892 2895 laetam
910 2833 1054 2896 laudibus

75 2934 141 3019 lesse
158 2927 238 3002 suin
260 2929 379 2989 bellum
399 2929 515 2991 scilicet
531 2929 612 2990 Iovis
626 2929 710 2991 clari
725 2930 875 3010 Gigantea
889 2928 1053 3009 triumpha,

75 3022 114 3082 lut
135 3021 241 3103 gentis
270 3021 446 3102 Aquitanae
475 3022 593 3085 celeber
621 3024 775 3086 Messalla
805 3022 983 3102 triurrrplris,
1020 3039 1055 3084 ut

75 3114 215 3179 'Pollioni
250 3115 362 3179 laurus
395 3126 537 3179 aeternos
570 3118 703 3180 honores
731 3117 905 3180 Delmatico
934 3117 1057 3196 peperit

86 3210 241 3291 tritrmplto,
268 3226 302 3272 ut
327 3210 365 3272 de
391 3233 449 3274 suo
476 3213 559 3274 bello
584 3212 716 3273 Ovidius
742 3214 882 3293 loquitur
906 3231 1003 3272 amor.
1026 3232 1052 3287 2,

88 3325 123 3383 η,
152 3326 199 3385 ι7;
230 3321 324 3385 atque
355 3307 474 3368 accedit
499 3323 533 3368 ut
558 3326 682 3387 pugnae
713 3307 809 3386 ipsius
840 3306 986 3367 adiuncta
1016 3307 1054 3368 sit

82 3400 204 3462 mentio.
238 3399 386 3481 ponitque
405 3416 520 3475 autem,
542 3402 629 3482 quod
650 3401 721 3462 libri
742 3402 898 3478 exhibent,
919 3421 993 3462 sane
1014 3403 1053 3463 ad

80 3515 141 3556 rem
162 3495 319 3576 pertinere
333 3511 435 3575 potest
451 3517 486 3558 ac
500 3497 560 3557 tale
574 3496 744 3557 sententiae
758 3516 872 3574 genus:
889 3496 950 3558 abi
966 3518 1053 3558 nara-

881 3608 894 3660 3
