2370 4072
167 309 205 353 20
536 286 767 335 cortilenrntut

166 490 239 533 cum
262 470 409 532 Bembini
437 469 622 532 collectione
649 468 852 531 Stabulensis.
909 483 1004 548 atque
1035 488 1145 530 verum

164 582 210 628 est
238 566 271 628 in
297 564 493 627 Bruxellensi
524 580 627 626 extare
658 583 694 625 ea
724 564 788 626 fere
820 563 972 644 opuscula
1002 582 1088 643 quae
1116 563 1145 624 in
1177 569 1179 573 '

164 660 325 722 ‘iuvenalis
345 659 412 721 ludi
432 659 548 721 libello*
571 659 684 721 desunt
705 674 735 720 et
755 658 840 720 credi
855 677 957 739 posse,
978 673 1145 740 utramque

163 754 385 819 collectionem
415 773 480 816 uno
511 774 643 835 corpore
674 753 876 815 coniunctam
906 752 1001 813 fuisse
1026 752 1145 814 ultimis

163 848 354 931 antiquitatis
373 848 579 931 temporibus,
600 849 689 910 cuius
703 848 845 930 corporis
858 847 1027 929 vestigium
1042 863 1145 909 osteu-

164 945 239 1007 dant
257 944 290 1006 in
304 944 455 1025 excerptis
470 944 616 1006 Parisinis
637 964 704 1005 sese
726 943 913 1024 excipientes
928 943 1031 1004 Culex
1045 947 1145 1004 Aetna

163 1038 254 1101 Ciris.
298 1038 353 1100 sed
374 1057 440 1100 non
461 1038 565 1101 minus
579 1038 742 1119 probabile
764 1053 818 1116 est,
838 1037 982 1119 vagantia
1000 1052 1144 1119 poemata

164 1148 193 1195 et
219 1132 453 1214 poematiorum
477 1135 614 1214 syllogas
638 1136 678 1195 ab
704 1133 769 1195 aliis
793 1133 854 1196 alia
874 1133 1037 1197 codicibus
1060 1151 1144 1194 com-

163 1228 318 1307 prehensa
344 1247 410 1290 esse
436 1243 465 1290 et
490 1227 533 1289 sic
559 1243 691 1304 servata3
722 1245 804 1291 certe
835 1249 916 1310 quae
937 1225 1144 1291 demonstrari

162 1334 265 1402 potest
279 1322 455 1384 carminum
469 1322 725 1403 Vergilianorum
739 1324 860 1406 sylloga
879 1344 942 1385 una
956 1339 1001 1385 est
1016 1328 1143 1405 ‘septem

162 1414 327 1478 iocorum’.

239 1511 327 1573 Haec
352 1510 447 1592 igitur
470 1512 594 1594 sylloga
615 1512 760 1576 Culicem
791 1512 883 1575 nobis
912 1511 1049 1589 tradidit,
1081 1513 1101 1573 i.
1120 1531 1141 1572 e.

162 1605 262 1668 codex
276 1604 360 1668 Petri
373 1604 487 1667 Bembi
506 1626 591 1668 nunc
605 1606 783 1683 Vaticanus,
804 1606 920 1668 saeculi
941 1606 1004 1685 IX„
1026 1607 1066 1669 de
1082 1625 1142 1688 quo

162 1700 227 1782 ipse
247 1701 366 1763 rettulit
385 1700 419 1761 in
440 1700 567 1782 dialogo
592 1702 640 1764 ‘de
662 1701 773 1764 Culice
793 1700 923 1782 Vergilii
951 1716 980 1762 et
1004 1699 1142 1765 Terentii

161 1796 283 1860 fabulis'
305 1795 457 1875 cuiusque
475 1795 645 1857 lectionem
662 1816 699 1857 ex
712 1795 957 1877 Zangemeisteri
971 1795 1138 1857 collatione

160 1890 352 1954 Ribbeckius
373 1890 478 1969 edidit,
499 1906 529 1953 et
549 1889 674 1962 saeculo
693 1911 759 1953 uno
775 1891 938 1953 duobusve
952 1889 1140 1952 recentiores

161 1986 227 2048 eius
251 1985 386 2066 cognati,
413 1985 468 2066 qui
493 1985 563 2047 libri
584 2006 695 2048 omnes
715 2005 815 2047 unum
840 1984 984 2046 codicem
1004 1984 1139 2046 reddunt

162 2079 250 2141 cuius
263 2078 436 2140 Bembinus
450 2079 657 2160 apographon
671 2095 724 2142 est.
756 2079 944 2160 archetypus
957 2099 1026 2141 non
1039 2080 1139 2141 multo

160 2173 312 2236 vetustior
337 2173 396 2234 fuit
421 2172 585 2253 Bembino,
611 2191 646 2237 ut
672 2175 785 2238 docere
810 2188 913 2255 potest
937 2195 966 2235 v.
988 2175 1057 2254 334,
1087 2172 1139 2237 ubi

155 2287 349 2350 generamen
362 2266 467 2349 prola
486 2268 610 2349 egregie
631 2268 763 2330 restituit
783 2268 984 2347 Ribbeckius‚
1016 2268 1142 2331 codices

161 2365 310 2444 praebent
322 2382 426 2444 gener
438 2362 553 2444 amplis
571 2363 756 2445 scripturam
778 2363 969 2444 compendio
990 2363 1064 2424 satis
1085 2381 1140 2424 no

161 2458 242 2521 vicio
263 2473 376 2521 ortam.
417 2457 511 2519 huius
531 2459 647 2521 codicis
667 2459 786 2522 variam
806 2458 975 2521 lectionem
996 2457 1057 2538 ipsi
1077 2475 1140 2520 car-

161 2553 239 2616 mini
249 2552 406 2631 adnotavi,
418 2573 493 2615 usus
504 2554 669 2617 Ribbeckii
681 2554 778 2636 copiis
790 2569 824 2616 ut
834 2553 907 2616 fecit
917 2552 1141 2625 Baehrensius;

161 2649 370 2729 discrepantes
384 2668 402 2709 a
416 2648 545 2730 reliquis
560 2650 708 2712 Bembini
727 2648 894 2729 scripturas
908 2646 964 2710 ubi
976 2646 1142 2709 videbatur

160 2741 341 2824 significavi,
366 2741 525 2804 interdum
549 2744 695 2806 Bembini
719 2764 792 2806 cum
816 2762 882 2805 uno
905 2743 1045 2804 alterove
1068 2760 1142 2803 con·

160 2855 290 2899 sensum
316 2835 468 2898 indicasse
497 2838 570 2901 satis
600 2838 710 2916 habui3
745 2837 877 2900 omnino
908 2836 947 2898 de
980 2833 1143 2917 archetypi

160 2932 296 2994 lectione
321 2951 388 2993 non
413 2949 505 3012 saepe
531 2931 667 2994 dubitari
691 2948 802 3013 potest.
852 2931 1007 2994 accedunt
1036 2950 1143 2993 excer-

161 3043 290 3108 ptorum
329 3024 545 3087 Parisinorum
589 3025 760 3107 scripturae
803 3027 975 3089 nonnullae
1014 3025 1143 3104 (habent

161 3142 188 3183 v.
206 3121 328 3198 58-85,
349 3121 492 3200 89-1oo‚
518 3121 677 3201 mci-159,
698 3125 764 3199 225,
786 3141 852 3202 294,
866 3122 1040 3202 340-342)‚
1063 3137 1142 3201 quae

162 3217 331 3279 ostendunt
352 3235 389 3277 ex
409 3215 472 3277 alio
493 3216 548 3278 sed
568 3232 700 3298 cognato
722 3216 830 3279 codice
848 3215 920 3278 istas
940 3216 1066 3296 eclogas
1084 3213 1136 3296 flu·

161 3310 250 3371 xisse.
297 3309 337 3370 ad
360 3311 566 3394 archetypum
589 3327 696 3373 autem
715 3311 909 3392 reliquorum
939 3329 995 3391 per
1026 3310 1141 3371 multos

162 3403 372 3484 corruptionis
396 3406 512 3486 gradus
532 3403 612 3467 redit
633 3404 732 3467 codex
753 3426 775 3466 s.
796 3406 865 3468 XV.
887 3404 1069 3482 Vossianus,
1092 3401 1140 3465 cui
1177 3442 1179 3463 .

162 3498 298 3560 multum
326 3499 461 3562 editores
485 3499 674 3562 recentiores
700 3519 812 3561 omnes
831 3500 1019 3575 tribuerunt,
1044 3496 1138 3579 pluri·
1177 3514 1179 3523 ·

161 3612 252 3654 mum
272 3593 489 3656 Baehrensius.
530 3593 698 3656 lectionem
719 3594 813 3656 habet
833 3597 872 3656 ab
889 3594 1020 3657 homine
1047 3593 1138 3654 docto
