2536 4200
243 285 283 346 40
602 261 859 308 conruuurnrrvs

310 381 314 408 l

244 445 373 508 utilitate
392 453 500 508 manet
516 446 648 506 verbum
668 463 733 504 non
758 443 882 505 facilem
907 444 1000 505 habet
1021 442 1212 523 explicatum.

245 537 372 621 apparet
386 539 479 617 enirn,
495 557 550 600 nec
562 538 731 618 particulae
744 538 808 599 vim
823 538 1035 618 copulativam
1048 537 1087 599 ad
1102 558 1215 600 nomen

245 634 394 715 (firlgor),
420 631 596 712 negativam
616 632 654 693 ad
675 632 864 695 adiectivum
884 630 977 708 (ullu)
997 633 1160 713 pertinere,
1184 650 1215 694 ut

245 730 464 809 intellegamus
477 735 509 789 et
520 725 779 808 upzkiumfiegror
795 727 827 790 in
837 725 924 789 nulla
934 725 1064 790 utilitate
1073 729 1215 810 coguitis.

244 824 276 885 id
306 839 388 885 recte
420 821 564 902 exposuit
593 822 731 902 Silligius
762 837 792 884 et
822 841 963 884 assensus
994 838 1039 884 est
1062 823 1217 904 Hauptius

245 919 363 998 (opusc.
385 919 411 995 3,
432 918 489 995 68).
529 917 573 978 sic
594 938 621 978 v.
636 919 691 994 275
718 936 772 979 nec
786 915 905 995 sacius
929 916 1017 979 sedes
1040 917 1108 992 (ubl
1128 918 1218 996 videl,
1250 983 1251 992 ¹

244 1033 272 1072 v.
294 1031 347 1090 140
371 1015 410 1073 ab
436 1010 567 1072 Heinsio
598 1011 774 1073 restitutum
805 1031 842 1073 ex
873 1010 1028 1091 frequenti
1054 1028 1219 1091 poetarum
1250 1007 1251 1038 ³

244 1125 332 1167 more
353 1125 407 1168 uec
427 1104 509 1168 laeta
529 1115 698 1184 cupressus.
736 1106 791 1167 sed
805 1104 962 1185 Hauptius
981 1107 1067 1184 quod
1086 1107 1220 1168 coniecit

243 1220 372 1262 manum
402 1219 456 1262 uec
478 1199 593 1280 pocula
625 1199 760 1263 Graiam
788 1199 916 1263 Alconis
944 1200 1094 1279 referunt,
1127 1200 1159 1261 id
1190 1218 1220 1262 et

244 1293 426 1356 mutationis
447 1293 576 1356 audacia
596 1295 709 1356 refutat
730 1310 760 1355 et
781 1294 909 1368 metrica
929 1295 1086 1374 quaedam
1104 1297 1221 1356 scabri·

243 1389 309 1467 ties,
341 1409 421 1470 quae
446 1389 563 1452 scilicet
588 1389 661 1450 huic
688 1402 798 1467 poetae
824 1389 890 1450 visa
915 1405 970 1466 est,
1001 1404 1036 1450 ut
1065 1390 1120 1470 qui
1149 1408 1221 1471 post
1251 1435 1252 1448 ,

167 1473 170 1478 ’
243 1484 370 1546 tertium
380 1485 566 1546 trochaeum
576 1483 746 1545 sententiae
760 1482 959 1545 interstitium
972 1504 1037 1546 non
1050 1484 1219 1562 admiserit,

244 1580 302 1641 hac
322 1600 451 1661 quoque
477 1580 509 1641 in
535 1600 568 1641 re
593 1581 632 1640 ab
658 1593 722 1638 arte
744 1577 860 1638 Catulli
886 1578 950 1658 (qui
971 1579 1003 1639 in
1025 1579 1162 1640 carmine
1183 1580 1223 1657 64

243 1674 378 1753 septiens
392 1675 548 1736 octiensve
563 1673 697 1750 admisit)
719 1672 844 1734 Lucreti
863 1672 928 1753 (qui
945 1673 1020 1734 tales
1035 1692 1141 1734 versus
1156 1693 1222 1735 non

243 1768 350 1830 vitavit
362 1768 453 1832 obvia
466 1767 642 1849 conflixere,
654 1767 700 1848 fit
710 1776 745 1829 ut
755 1765 883 1828 diversa
896 1777 1025 1849 repente.
1058 1767 1224 1830 subruitur
1252 1825 1253 1828 ,

243 1873 369 1936 nutura,
390 1862 479 1924 dolor
498 1881 594 1941 quam
613 1861 807 1941 consequitur
825 1862 904 1939 rem)
925 1862 1042 1942 Vergili
1063 1863 1128 1942 (qui
1150 1865 1224 1924 arti-

244 1958 352 2020 ficium
377 1957 456 2018 illud
482 1956 603 2036 quaerit
627 1955 660 2016 in
687 1956 812 2036 eclogis‚
839 1975 905 2018 non
929 1957 1022 2018 habet
1044 1972 1168 2018 tantum
1191 1959 1223 2019 in

244 2053 467 2134 georgicorum
481 2050 581 2128 tertio,
593 2051 741 2112 Aeneidis
756 2050 848 2113 tertio
862 2065 973 2131 quarto
989 2052 1087 2128 sexto)
1102 2051 1225 2114 alienus

246 2162 275 2209 et
296 2145 412 2208 Ovidio
433 2145 562 2226 propior
588 2145 636 2222 (cf.
659 2145 830 2208 Muellerus
855 2146 894 2207 de
916 2165 948 2207 re
969 2161 1058 2208 metr.
1083 2147 1137 2208 186
1157 2151 1225 2228 sq.).

245 2260 373 2323 prorsus
393 2241 472 2300 illud
492 2258 592 2320 genus
611 2239 718 2301 vitavit
744 2240 864 2321 primus
885 2241 1033 2302 Manilius
1058 2244 1144 2319 (narn
1165 2243 1228 2303 alia
1253 2245 1254 2250 ’

246 2336 291 2398 rei
312 2354 404 2397 causa
425 2349 470 2394 est
490 2334 522 2394 in
543 2333 718 2414 Lygdamo,
740 2335 777 2396 cf.
793 2335 971 2398 Guilelmus
985 2337 1095 2418 Meyer
1115 2336 1148 2397 in
1171 2339 1228 2399 rel.

246 2450 290 2492 ac.
312 2430 386 2491 Bav.
412 2428 485 2505 1884
510 2448 539 2509 p.
565 2430 655 2507 1016),
687 2429 742 2510 qui
772 2430 859 2509 quod
890 2445 999 2510 quater
1031 2430 1230 2510 Capricorne

247 2523 391 2587 incisioni
411 2542 518 2583 versus
542 2524 722 2604 praeposuit
742 2522 790 2600 (cf.
812 2523 883 2584 Cul.
904 2525 980 2602 237),
1007 2524 1083 2604 legis
1109 2527 1229 2588 severi·

246 2637 342 2683 tatem
363 2618 507 2680 consulto
526 2618 701 2694 illustravit;
722 2633 753 2679 at
773 2637 838 2678 non
853 2617 991 2678 distinxit
1005 2620 1090 2679 velut
1109 2640 1133 2698 r,
1157 2622 1228 2699 760.

247 2735 313 2777 rem
343 2713 430 2794 tetigi
458 2714 545 2793 quod
569 2713 663 2775 etiam
694 2712 732 2773 de
762 2711 830 2772 aliis
859 2711 999 2773 versibus
1031 2713 1089 2774 hac
1118 2717 1231 2777 obser-

248 2809 372 2870 vatione
391 2809 544 2870 utendum
565 2809 621 2870 erit
635 2824 664 2869 et
679 2806 798 2887 aliquid
819 2806 979 2868 consecuti
999 2827 1065 2868 esse
1079 2807 1231 2871 videmur

249 2923 321 2966 cum
341 2912 449 2966 munet
469 2903 547 2964 illud
573 2905 611 2964 ab
636 2903 730 2963 altera
756 2920 863 2963 versus
884 2915 969 2979 parte
996 2916 1078 2963 certa
1105 2905 1231 2967 ratione

249 2997 512 3079 prohibuerimus.
554 2997 615 3058 iam
636 2997 739 3076 ipsum
753 3004 861 3058 manet
878 2995 965 3074 quod
981 2996 1141 3076 Hauptius
1158 3001 1232 3061 dicit

248 3114 341 3155 sensu
366 3112 469 3154 carere
490 3107 519 3153 et
546 3091 570 3152 si
592 3109 664 3153 cum
685 3091 860 3152 Schradero
881 3090 1032 3152 scribatur
1052 3103 1160 3155 movet
1179 3115 1232 3155 ne-

249 3188 409 3266 gationem
443 3187 624 3263 desiderari,
659 3185 747 3246 facile
782 3186 986 3249 concedimus
1021 3187 1234 3264 Buecheler0‚

250 3283 325 3343 haec
346 3283 440 3343 verba
460 3301 514 3342 nec
532 3278 670 3361 lapidum
678 3278 796 3360 firlgor
809 3280 947 3360 cognitus
966 3289 1072 3342 manet
1089 3285 1233 3361 probum

249 3395 376 3436 sensum
397 3377 561 3455 praebere;
585 3374 629 3435 sic
652 3375 703 3435 ille
731 3394 760 3454 p.
776 3376 831 3452 3²7
859 3375 957 3454 ‘quod
982 3375 1143 3455 praecedit
1165 3397 1234 3438 ver-

250 3472 327 3531 bum
346 3490 375 3530 v.
389 3471 427 3530 66
447 3488 501 3530 nec
523 3468 630 3548 fulgor
654 3479 766 3542 manet,
797 3469 853 3530 etsi
883 3470 1032 3549 temporis
1063 3486 1109 3531 est
1142 3491 1236 3554 prae-

250 3563 357 3638 sentis,
391 3563 421 3623 vi
451 3579 555 3625 tamen
583 3583 619 3625 ac
648 3579 757 3624 natura
787 3583 843 3624 sua
873 3564 974 3625 vicem
1007 3564 1086 3644 gerit
1123 3565 1236 3637 futuri,
