2370 4072
482 252 528 297 Al)
540 251 569 297 V.
582 253 687 312 318-326
1037 276 1076 334 99

95 451 194 512 quam
224 432 414 494 necessitatis
443 434 559 495 habere
590 454 670 515 quae
700 434 750 496 vel
780 450 898 495 veteres
929 433 996 495 Itali
1025 436 1076 497 vel

97 527 214 589 novelli
234 528 462 608 temptaverint,
483 530 578 590 talem
597 529 660 591 loci
680 529 817 611 speciem
833 531 968 611 exempli
982 551 1076 594 causa

96 639 274 701 proponam
304 623 432 702 qualem
462 622 609 684 codicum
640 624 792 687 memoria
825 624 962 688 indicare
997 626 1076 687 mihi

97 714 247 778 videatur.
301 716 440 797 primum
474 717 559 779 enim
581 717 769 799 flumim'bus
801 739 858 782 cur
890 719 1075 782 fulminibus

97 809 315 872 flaminibusve
343 827 482 875 mutetur
511 813 543 874 in
574 833 607 875 re
637 813 754 875 incerta
783 815 869 875 nulla
894 834 987 876 causa
1017 830 1076 893 est;

97 924 202 966 annon
227 905 267 966 ad
287 905 419 968 flumina
439 927 567 988 quoque
581 908 736 988 pertinere
750 923 852 989 potest
865 908 1076 990 pugnantium

98 1019 169 1060 cum
184 1000 321 1062 clamore
335 1001 477 1063 virorum
491 1002 701 1083 comparatio?
731 1002 800 1082 lege
821 1002 908 1082 quod
930 1003 969 1064 ad
990 1003 1076 1065 illam

98 1095 244 1156 carminis
265 1112 385 1178 partem
406 1096 663 1176 componendam
680 1094 798 1158 Culicis
818 1112 946 1177 poetam
965 1097 1076 1178 legisse

96 1191 258 1270 probabile
277 1207 330 1266 est,
352 1192 383 1252 N
401 1193 454 1253 136
479 1182 556 1278 ἦρχε
583 1192 670 1276 δ’ἄρ’
694 1195 812 1277 Ἕκτωρ
839 1194 987 1278 ἄντικρυς
1016 1218 1074 1275 με-

94 1287 194 1368 μαώς,
220 1285 427 1372 ὀλοοίτροχος
448 1291 492 1361 ὥς
517 1281 586 1351 citro
614 1291 743 1372 πέτρης,
769 1287 808 1351 ὅν
834 1310 867 1349 τε
892 1288 975 1350 κατὰ
1001 1307 1075 1351 στε-

95 1381 197 1465 φάνης
220 1382 370 1463 ποταμὸς
390 1381 580 1466 χειμάρροος
602 1384 677 1469 ὤσῃ,
700 1381 799 1466 ῥήξας
813 1378 943 1464 ἀσπέτῳ
966 1385 1075 1469 ὄμβρῳ

96 1473 247 1550 ἀναιδέος
263 1477 386 1558 ἔχματα
402 1482 520 1563 πέτρης
545 1497 571 1538 e.
586 1497 615 1558 q.
630 1497 663 1554 s,
693 1495 790 1556 quam
820 1475 992 1555 imaginem
1022 1498 1075 1539 ex-

94 1570 205 1649 pressit
218 1570 409 1633 Theocritus
423 1591 469 1651 22,
489 1592 543 1652 493
564 1590 667 1652 neque
686 1570 770 1632 enim
784 1589 865 1650 opus
879 1585 925 1631 est
938 1570 1074 1632 aliomm

95 1680 260 1744 poetarum
291 1666 379 1728 locos
409 1686 593 1746 congerere,
624 1666 709 1727 velut
740 1665 867 1726 Lucreti
892 1685 915 1742 1,
942 1665 995 1725 281
1019 1685 1073 1745 sq,

94 1759 120 1835 6,
145 1761 198 1838 143
219 1760 269 1821 vel
288 1760 366 1822 Stati
384 1761 449 1824 silv.
470 1783 493 1838 1,
515 1763 542 1840 3,
563 1780 602 1823 20
616 1781 672 1841 sq,
692 1761 772 1821 Ach.
787 1779 815 1836 2,
834 1760 898 1838 390·
913 1760 968 1837 431
993 1760 1072 1838 (¹04

98 1855 174 1932 145),
208 1854 311 1916 Theb.
334 1857 364 1934 3,
394 1856 447 1936 671
476 1876 535 1936 sq.;
571 1856 621 1918 cui
659 1855 788 1935 imagini
823 1869 894 1934 apte
928 1853 1075 1915 convenit

94 1948 192 2010 turba.
237 1965 396 2030 praeterea
420 1951 445 2012 si
469 1966 614 2014 tenemus
638 1950 810 2012 Hectorem
836 1947 993 2009 nominari
1019 1948 1074 2010 de·

94 2043 197 2106 buisse
223 2045 306 2122 (nam
331 2046 494 2108 intercedit
519 2047 600 2109 inter
620 2047 677 2124 317
703 2059 733 2106 et
753 2045 810 2104 320
833 2061 908 2105 acer
927 2044 1073 2123 aterque),

94 2138 131 2199 ad
152 2140 248 2200 talem
269 2141 334 2202 lere
354 2140 559 2222 perducimur
578 2140 641 2202 loci
661 2139 812 2221 speciem:
842 2157 917 2200 acer
937 2146 1073 2219 uterque,

86 2233 273 2314 flaminibus
291 2234 389 2297 aelati
395 2235 523 2316 fragor
546 2245 594 2298 est
617 2256 638 2297 a
663 2233 786 2297 turbim
805 2232 919 2295 missac
940 2231 992 2307 [de
1010 2251 1073 2294 sca·

89 2328 163 2408 pala
183 2329 290 2403 malin·
300 2329 458 2411 flammas
481 2329 642 2394 zacalaabat
668 2338 704 2392 ut
730 2327 808 2405 illis]
829 2327 1015 2408 tegminibus
1033 2338 1072 2389 te·

94 2423 190 2506 lisque
218 2426 366 2505 superma
400 2423 576 2488 arcentibus
604 2424 736 2501 Hector]
771 2423 909 2503 eriperet
939 2421 1073 2497 redium

94 2517 180 2595 altar·
196 2515 346 2580 Vulcania
355 2516 455 2596 ferra
465 2517 599 2581 vulnera
609 2527 764 2598 protectus
777 2516 928 2597 depellere
940 2517 1074 2581 navibus

95 2611 194 2675 ἐποποῖ.
372 2674 373 2678 ,

169 2706 306 2769 Versum
328 2706 382 2767 322
410 2708 587 2770 emendavit
605 2706 762 2787 Hauptius
785 2707 904 2786 (opusc.
926 2707 952 2784 3,
973 2707 1021 2786 73)
1042 2721 1125 2777 etam

94 2816 217 2883 tempus
238 2801 325 2862 verbi
339 2801 486 2875 (laetatus
498 2809 582 2877 erat)
603 2804 641 2863 ab
663 2821 702 2863 eo
716 2800 803 2882 quod
817 2821 845 2860 v.
861 2801 916 2861 325
931 2799 1073 2880 sequitur

95 2895 248 2974 praesenti
258 2895 408 2974 fremunt
425 2897 562 2978 pendere
584 2895 736 2976 exposuit.
769 2891 921 2956 Aeacides
941 2893 1072 2955 hicnon

94 3006 195 3069 potest
220 3009 285 3050 non
310 2990 440 3053 Aiacem
465 2990 654 3071 significare,
685 2989 768 3052 alter
787 2985 939 3049 Aeacides
965 3009 993 3048 v.
1015 2989 1070 3049 323

94 3085 259 3163 Achillem,
280 3105 307 3145 v.
322 3105 345 3145 s.
367 3085 406 3146 ad
426 3106 454 3146 v.
473 3087 537 3147 301.
579 3083 693 3146 deinde
712 3104 741 3144 v.
754 3083 813 3160 324
831 3081 873 3143 ita
893 3082 1072 3144 emendavit

95 3180 240 3255 bembus,
262 3194 297 3240 ut
316 3200 374 3241 nec
394 3180 468 3242 addi
487 3179 588 3242 littera
608 3178 705 3260 possit
725 3197 783 3238 nec
798 3175 928 3238 detrahi.
968 3199 996 3239 v.
1014 3178 1070 3240 325
1083 3192 1124 3244 825

95 3273 167 3337 letat
188 3275 322 3336 verbum
343 3275 536 3336 Ovidianum
562 3289 608 3336 est
628 3273 677 3352 (cl.
698 3270 814 3333 Rittius
839 3270 878 3331 ad
906 3270 974 3333 hist.
999 3273 1069 3334 hex.

94 3368 141 3431 lat.
161 3369 220 3448 41).
264 3390 292 3430 v.
313 3369 370 3429 326
391 3367 497 3448 firma
527 3368 606 3431 mihi
635 3368 737 3451 aptius
767 3366 870 3427 visum
899 3381 945 3427 est
975 3382 1125 3446 quamam

94 3464 186 3526 alma.
208 3498 245 3508 —
271 3461 357 3523 idem
380 3462 556 3540 artificium,
582 3483 647 3545 quo
672 3463 705 3524 in
730 3461 891 3522 narrandis
912 3461 1016 3523 Aiacis
1042 3478 1075 3524 et

94 3558 223 3620 Achillis
254 3556 323 3618 fatis
354 3556 464 3635 utitur,
493 3558 597 3620 statim
628 3557 712 3620 Vlixi
741 3555 882 3636 adhibet,
913 3574 1009 3636 quem
1037 3571 1072 3617 ut
1162 3572 1167 3587 ··

882 3669 914 3740 7*
1018 3588 1167 3792 Α
