2370 4072
175 279 211 338 52
532 280 792 328 cosutnsrenns

173 465 307 552 ἡμιδαὴς
341 470 485 531 Φαέθων
516 472 615 530 πέσεν
646 468 792 547 ἅρματος
818 459 968 531 Ἠελίοιο
993 465 1165 553 Mrem&

119 564 320 645 mnmodg
339 564 563 641 πολυβενθέος
597 561 701 640 Apoll
721 582 756 637 4.
782 562 858 639 597).
888 592 931 606 -
964 582 997 622 ν.
1027 581 1086 642 129
1113 561 1163 623 im·

91 654 291 734 mse-plexae
311 657 433 718 Heinsii
453 657 633 718 emendatio
653 672 709 718 est.
734 689 770 698 -
795 655 943 735 sequitur
963 656 1062 719 locm
1087 655 1163 718 difli-

170 749 237 810 cilis
256 752 296 812 de
313 753 468 833 Phyllide.
489 771 555 813 non
575 750 642 810 sine
663 749 781 811 mendo
794 748 938 827 traditus,
960 751 1024 813 sed
1039 769 1159 832 nequa

167 864 264 923 quam
286 846 327 907 ita
347 865 515 928 corruptus
535 863 570 909 ut
584 867 622 908 ex
640 845 762 906 intinita
775 844 1072 925 interpolationum
1084 844 1156 907 serie

167 940 313 1000 conicias.
355 960 449 1024 atque
469 942 621 1004 orationis
641 940 776 1020 figuram
790 937 857 999 ltali
875 954 1156 1020 recuperaverung
1179 996 1181 1009 .

161 1033 285 1114 perfide
297 1036 384 1114 prius
397 1038 593 1098 restituentes
607 1035 652 1111 ,dl
663 1034 833 1112 Catull64‚
848 1033 922 1111 132).
949 1034 1152 1118 participium
1179 1082 1181 1121 :

166 1146 352 1209 corruptum
376 1148 422 1191 est
448 1132 481 1192 in
506 1133 593 1193 libris
616 1129 746 1210 defende
769 1148 873 1208 neque
896 1128 1077 1192 verisimile
1102 1145 1152 1207 eit,

164 1224 190 1283 si
211 1224 243 1284 in
265 1224 423 1287 Bembino
442 1247 551 1287 versus
571 1246 637 1287 non
659 1225 808 1306 periisset,
828 1223 975 1284 futurum
1000 1222 1101 1287 fuisse
1119 1238 1150 1285 ut

164 1317 384 1399 incorruptum
410 1321 598 1382 haberemus
625 1319 827 1382 vocabulum.
871 1318 929 1378 sed
948 1334 1059 1382 cetera
1078 1338 1147 1381 sana

163 1431 245 1474 sunt.
279 1415 437 1494 posterius
457 1418 557 1476 stabat
576 1415 629 1476 cui
645 1412 848 1494 Demophoon
869 1421 1006 1475 aeterna
1025 1413 1151 1495 reliquit

156 1506 331 1588 perfidiam
349 1507 545 1570 lamentandi
560 1509 656 1571 malo.
698 1509 772 1571 hinc
792 1507 848 1588 qui
866 1507 976 1568 omnia
996 1509 1146 1590 pervellat

161 1617 255 1681 atque
277 1602 432 1683 discerpat
453 1602 543 1665 facile
564 1605 678 1666 efficiat
701 1613 832 1666 aeterna
854 1600 990 1682 reliqm't
1003 1601 1146 1683 perfidia

161 1694 306 1770 latmia,
327 1698 382 1759 sed
403 1718 440 1759 ea
458 1698 526 1778 ipsa
546 1699 724 1760 observatio
743 1699 783 1759 de
804 1717 867 1778 qua
890 1695 931 1756 ad
944 1716 973 1757 v.
988 1697 1031 1758 66
1049 1694 1144 1760 locuti

159 1810 270 1853 sumus
295 1793 510 1854 coniecturam
534 1792 658 1859 refutat
685 1793 842 1874 siquidem
866 1791 1076 1853 refutandum
1101 1804 1144 1851 est

160 1886 249 1963 quod
268 1904 332 1948 tam
353 1887 461 1949 multis
481 1887 625 1948 arriserit.
670 1887 816 1966 gerundii
833 1906 908 1948 usus
928 1885 1017 1948 idem
1038 1902 1086 1948 est
1103 1885 1140 1947 de

160 1998 226 2057 quo
251 1982 377 2042 monuit
402 1981 580 2062 Madvigius
604 1981 644 2042 ad
669 1981 736 2042 Cic.
761 1981 801 2042 de
824 1980 877 2041 fin.
900 1981 926 2056 3,
945 1983 985 2059 45
1012 1996 1045 2043 et
1073 1980 1140 2042 alii:

159 2072 274 2135 Cicero
293 2095 367 2135 cum
381 2075 484 2137 dicere
499 2077 651 2155 potuisset
668 2075 770 2155 ipntm
790 2074 902 2136 bmm
921 2092 1066 2137 crescere
1081 2093 1139 2137 non

154 2178 255 2246 potest
281 2171 330 2230 vel
360 2170 565 2232 accessionem
593 2169 715 2231 nullam
740 2169 846 2241 habet,
876 2167 955 2229 dixit
983 2166 1139 2231 crescendi

156 2263 361 2324 accessionem
380 2264 501 2326 nullam
520 2264 628 2335 haben
647 2263 770 2344 scripsit
788 2263 829 2324 ad
848 2263 990 2324 Atticum
1004 2264 1035 2341 8,
1059 2283 1100 2342 14,
1122 2281 1132 2322 1

156 2376 253 2437 neque
281 2378 395 2419 novam
425 2359 554 2439 denz'que
582 2359 649 2420 iam
673 2358 834 2438 repertione
859 2356 1021 2420 scribmdi
1041 2357 1135 2420 tellam

155 2452 345 2524 sententiam,
371 2473 438 2515 non
463 2453 624 2516 scribendi
644 2451 744 2514 ullam
768 2451 938 2513 materiem
962 2452 1014 2513 vel
1044 2468 1134 2533 quom

153 2545 293 2608 scribam
306 2546 406 2609 ullam
420 2548 617 2621 sermotiem
630 2548 675 2609 sic
688 2548 740 2608 ille
755 2565 829 2608 cum
843 2544 998 2625 potuisset
1008 2555 1133 2608 aetem

154 2639 283 2720 reliquit
293 2643 381 2704 mala
394 2645 444 2705 vel
454 2652 585 2704 aeurna
597 2641 747 2704 excitavit
757 2640 902 2712 omenta,
916 2638 995 2700 dixit
1007 2648 1132 2701 aetem

153 2733 282 2815 reliquit
298 2736 494 2799 lamentandi
510 2736 606 2799 mala.
648 2735 794 2817 Phyllida
807 2749 914 2796 autem
927 2733 1002 2796 satis
1014 2749 1131 2795 amator

153 2829 278 2908 indicat,
292 2831 364 2893 vide
379 2852 459 2912 quae
474 2833 698 2894 damnatorum
711 2830 843 2893 nomina
855 2843 954 2891 taceat
967 2848 997 2888 v.
1008 2847 1069 2907 ²40
1080 2846 1130 2907 sq„

153 2939 182 2984 et
196 2943 344 2986 ranarum
360 2945 488 3007 quoque
502 2948 530 2987 v.
550 2929 612 2988 151.
652 2926 715 2987 iam
730 2926 808 3006 quid
820 2925 880 2987 sibi
892 2921 991 2985 velint
1004 2932 1129 2985 aetem

152 3019 234 3080 mala
249 3020 396 3101 Hyginus
410 3022 503 3084 docet
517 3021 577 3083 lab.
596 3024 631 3100 59
651 3021 704 3082 cui
710 3030 862 3101 parentes
873 3038 945 3081 cum
956 3017 1128 3100 sepulcrum

151 3115 382 3189 constituissent,
402 3117 536 3179 arbores
549 3115 595 3177 ibi
604 3124 678 3178 sunt
687 3125 789 3189 natae,
809 3135 888 3196 quae
901 3122 985 3176 certo
997 3122 1128 3194 τωρωι

152 3205 306 3288 Phyllidis
325 3220 457 3273 mortem
478 3210 590 3292 lugent,
612 3231 672 3291 quo
682 3209 770 3290 solia
785 3207 1125 3289 arescusttetdefhoad

151 3299 189 3359 cf.
214 3300 392 3363 Knaackius
422 3306 637 3366 analectorum
668 3323 698 3386 p.
716 3325 764 3383 40.
814 3303 873 3385 ipsi
903 3302 1000 3383 igitur
1029 3298 1127 3365 arbori

151 3393 303 3456 maestitia
317 3414 423 3457 manet
436 3398 669 3479 Demophontis
683 3398 841 3478 perfidiae.
882 3396 999 3478 quodsi
1018 3393 1127 3480 plurali

150 3504 284 3548 numero
304 3489 445 3569 sequitur
461 3491 583 3570 puellis,
604 3510 732 3573 apparet
758 3496 817 3556 hoc
837 3514 902 3555 non
923 3494 964 3555 ad
984 3491 1127 3577 Phyllide

148 3601 215 3644 esse
245 3583 435 3644 trahendum
466 3585 514 3661 (cl.
546 3586 724 3648 Knaackius
753 3607 783 3668 p.
803 3590 880 3666 42)‚,
903 3589 959 3650 se'd
993 3590 1034 3652 de
1062 3586 1126 3651 aliis
