2370 4072
412 264 458 308 so
473 263 590 320 uss-94
950 265 988 341 45

10 461 157 507 excutere
187 445 306 507 scimus
335 445 493 517 saltantes,
533 459 562 506 et
591 443 631 504 ad
662 442 751 504 tibias
782 442 910 521 quidem
941 443 991 504 vel

10 536 147 602 betulam
168 539 261 618 (Cop.
283 541 336 615 ιο),
367 553 402 599 ιιι
426 558 526 600 nanus
551 536 689 600 metebat
704 547 832 598 truncas
850 534 897 597 ad
912 555 991 598 cava

10 629 97 695 beera
116 652 231 696 manus
255 633 401 712 (Prop4,
422 633 449 705 8,
468 635 533 711 42);
564 632 615 694 ille
640 630 735 712 igitur
762 650 800 692 ne
828 633 922 693 verba
947 631 990 692 sic

10 740 129 803 ponere
164 727 292 789 deberet
328 727 535 788 collocatione
568 728 757 789 abhorrente
790 728 829 787 ab
863 727 990 788 illorum

15 816 181 884 hominurn
200 841 295 883 sensu
314 821 454 902 poetico:
479 820 527 882 ad
547 820 685 883 calamos
704 840 818 883 raucos
836 821 991 884 excutiens

16 915 154 1001 mertem,
175 916 345 997 postulavit
358 937 377 978 a
391 915 561 978 lectoribus
582 933 626 992 ut,
647 935 720 977 curn
741 916 820 977 illud
834 916 991 994 scriberet,

22 1004 75 1074 hoc
99 1011 324 1091 intellegerent.
369 1027 463 1092 atque
488 1026 615 1091 apparet
642 1012 767 1072 nullum
793 1011 901 1073 durius
926 1031 990 1073 esse

29 1098 70 1166 ilo
98 1126 215 1186 genere
246 1104 485 1186 compositionis
515 1121 643 1186 propter
676 1105 868 1185 procliticam
903 1125 991 1185 prae-

28 1199 178 1275 positionis
198 1215 356 1276 naturam;
377 1201 465 1280 quod
485 1221 585 1281 genus
605 1201 746 1262 tractavit
763 1200 907 1261 Boldtius
928 1203 946 1262 l.
967 1222 990 1260 s.

27 1308 57 1370 44
72 1314 129 1374 sq⁸⁷
161 1295 200 1358 cf.
232 1295 323 1357 Lucr.
345 1296 377 1371 6,
399 1295 455 1357 863
487 1294 643 1375 multaque
677 1303 751 1357 sunt
783 1294 867 1374 egnit
894 1305 992 1376 prope

26 1389 131 1452 semma
156 1399 267 1470 corpus
290 1390 401 1471 aquai,
429 1391 522 1470 Prop.
544 1391 570 1465 3,
590 1410 618 1468 4,
644 1391 677 1451 18
702 1399 733 1451 et
754 1387 860 1451 subter
889 1399 992 1469 captes

25 1499 107 1546 erma
126 1485 236 1546 sedere
254 1483 354 1558 duces,
375 1485 467 1546 Ovid.
482 1503 542 1546 am.
564 1505 585 1559 ι,
607 1485 634 1558 6,
655 1485 692 1547 68
714 1483 797 1545 dura
816 1495 910 1566 super
929 1495 992 1547 teta

24 1573 123 1640 lemma
152 1588 237 1641 nocte
269 1580 348 1654 ἀπε,-
382 1579 572 1660 quibusdam
603 1580 783 1642 Philodemi
813 1594 842 1640 et
868 1583 991 1659 Anytae

24 1671 154 1733 versibus
180 1671 280 1734 simile
307 1674 473 1736 artificium
493 1673 728 1735 vindicaverunt
752 1673 907 1734 Diltheius
927 1673 990 1733 ind.

20 1763 153 1845 Gotting.
179 1765 251 1843 1878
275 1786 304 1847 p.
324 1787 356 1828 12
382 1783 412 1829 et
438 1769 599 1830 Kaibelius
625 1768 690 1828 ind.
715 1767 892 1846 Gryphisw.
919 1767 989 1826 1885

19 1877 45 1939 p.
58 1861 102 1920 23.
141 1880 246 1940 neque
271 1878 377 1924 tamen
405 1863 592 1924 cultissimae
620 1862 722 1943 poesis
749 1861 840 1923 unice
865 1861 991 1941 propria

14 1969 58 2014 est
76 1954 130 2016 illa
144 1955 349 2034 transgressio
368 1972 423 2018 aut
442 1957 599 2018 invenitur
612 1972 734 2018 tanturn
749 1955 869 2016 artificii
884 1976 990 2033 causa3

14 2063 43 2108 et
62 2048 176 2110 Cicero
200 2051 322 2131 scripsit
346 2052 386 2113 ad
409 2057 473 2114 Att.
493 2072 534 2125 ιο,
556 2053 583 2130 8,
605 2053 622 2112 8
647 2071 723 2133 quos
742 2060 850 2113 centra
874 2071 923 2113 me
946 2072 990 2112 se-

12 2151 111 2216 natus,
132 2164 170 2205 ne
182 2144 262 2225 quid
277 2165 330 2208 res
345 2145 470 2225 publiea
483 2146 661 2209 detrimenti
674 2145 831 2226 acciperet,
852 2147 994 2208 arrrmvit

14 2252 44 2298 et
59 2239 188 2299 Plautus
202 2238 302 2300 Stichi
316 2261 343 2301 v.
353 2243 411 2320 453
432 2242 473 2304 ite
491 2242 553 2304 leae
571 2241 738 2303 secundum
750 2261 805 2302 vos
824 2261 881 2319 me,
902 2241 990 2322 quod

15 2337 135 2395 mutant
156 2335 302 2396 homines
323 2336 408 2399 docti
434 2337 507 2398 inde
528 2339 567 2397 ab
589 2335 680 2411 Italis,
705 2356 723 2395 a
744 2337 858 2415 quibus
880 2355 990 2396 caven-

10 2427 88 2489 dum
109 2444 214 2490 estne
236 2449 293 2492 nos
315 2431 416 2512 decipi
440 2430 604 2510 patiamur,
630 2450 703 2491 cum
728 2430 910 2509 praesertim
936 2431 990 2490 ad-

12 2522 142 2584 missum
163 2523 242 2584 illud
264 2524 303 2586 sit
327 2524 359 2586 in
385 2525 616 2606 praepositione
645 2544 710 2585 non
735 2544 816 2584 vera.
845 2558 877 2567 -
905 2544 932 2584 v.
951 2543 988 2601 92

10 2615 223 2679 Buechelerus
237 2638 266 2698 p.
282 2620 338 2696 327
358 2620 496 2700 requiem
517 2618 665 2694 defendit,
686 2638 751 2698 quo
765 2634 886 2680 servato
901 2638 989 2680 com-

11 2712 174 2790 positionis
194 2714 323 2775 audacia
344 2714 506 2790 minuitur,
526 2728 697 2775 structurae
718 2730 858 2794 augetur.

88 2806 256 2868 Clauditur
275 2807 364 2868 locus
384 2808 593 2885 invocatione,
615 2828 695 2888 quae
713 2808 924 2888 comparanda
945 2821 989 2866 est
1001 2821 1028 2862 94

12 2919 84 2962 cum
105 2921 214 2981 georg.
229 2921 256 2977 2,
275 2901 334 2980 486
348 2922 407 2982 sq.;
428 2917 521 2981 atque
543 2903 630 2982 quod
646 2902 780 2983 frigida
800 2911 896 2981 terrepe
915 2899 989 2978 legit

13 2991 129 3057 ibidem
143 3018 171 3058 v.
181 2997 249 3076 469,
263 3017 337 3058 sane
351 2997 395 3058 sic
407 2996 546 3057 monitus
554 2997 745 3076 gratissima
758 3007 854 3076 tempe
867 2994 986 3055 adiecit.

14 3087 74 3152 iam
94 3093 183 3172 quasi
205 3106 328 3172 recepta
348 3090 441 3151 lectio
463 3108 508 3151 est
527 3112 564 3152 ex
579 3092 757 3153 coniectura
772 3089 893 3151 Heinsii
907 3108 987 3168 gra-

13 3183 131 3247 tissima
151 3196 248 3266 tempe
258 3183 392 3264 frendes
406 3185 681 3266 Hamadryadum,
705 3185 737 3245 in
759 3204 820 3264 qua
840 3183 988 3245 audacius

16 3279 104 3342 etiam
124 3300 220 3362 quam
234 3280 423 3342 adiectivum
438 3300 511 3342 cum
527 3281 672 3360 genetivo
688 3280 888 3358 componitur
902 3279 988 3339 frons

16 3371 124 3437 dicitur
145 3376 234 3456 quasi
253 3379 404 3438 arborum
424 3374 479 3436 sed
501 3375 677 3454 puellarum
692 3374 804 3453 agresti
822 3375 905 3436 victu
926 3376 987 3434 lae-

18 3471 159 3544 tantium;
180 3472 329 3533 audacius
349 3469 493 3532 videlicet
514 3488 610 3549 quarn
633 3488 691 3549 pro
716 3469 777 3531 lide
793 3469 987 3531 coniectoris.

18 3556 82 3624 libri
102 3580 209 3627 autem
235 3567 352 3627 habent
367 3563 478 3642 sentis,
505 3564 592 3644 quod
617 3563 756 3624 defendit
776 3564 988 3625 Buechelerus
